2978 4830
160 289 199 348 14
496 301 520 347 1.
567 300 673 347 munz
696 283 1048 347 commemoratus

259 473 294 526 66
311 470 429 542 Anglica
447 471 673 525 commentatione
690 471 720 523 in
735 468 920 541 ‘philological
937 486 1062 527 museum
1080 427 1111 522 oi
1126 461 1297 536 Cambridge'
1317 426 1354 519 II¹

192 561 242 612 483
256 575 314 628 sqq.
333 557 473 629 proposita
484 556 644 611 Germanice
656 557 798 611 convertit.
814 585 845 596 —
858 572 886 626 p.
901 557 1047 612 234-261
1066 555 1101 609 66
1113 553 1205 608 Aiace.
1226 556 1275 605 267
1284 569 1342 622 sqq.

191 645 225 698 de
243 644 338 713 Antig.
359 650 386 696 et
402 641 473 696 Phil.
498 640 655 711 singillatim
673 643 838 713 disputatur.

246 734 316 795 112.
342 736 537 804 Wecklein,
566 729 637 794 Nic.
672 731 772 796 ucber
801 727 1043 813 symmetrisohe
1074 726 1264 809 anordnung
1286 726 1346 792 des

155 833 281 917 dialogs
310 832 377 898 und
398 832 451 899 die
474 832 699 918 stichomythie
720 833 773 898 bei
796 831 982 915 Sophocles.
1013 831 1064 895 in:
1101 829 1258 912 festgrusz
1287 828 1347 894 der

155 935 410 1021 philologischen
440 935 650 1020 gesellschaft
677 955 718 999 zu
746 926 947 1018 Wuemburg
974 955 1018 1000 66
1047 934 1100 999 616
1122 933 1244 998 XXVI.
1269 953 1346 998 ver-

155 1034 338 1122 sammlung
360 1039 529 1105 deutscher
550 1039 735 1124 philologen
764 1037 831 1103 und
853 1037 1107 1104 schulmacnner.
1143 1037 1348 1120 Wuemburg

160 1144 251 1209 1868.
283 1143 338 1227 (gr.
359 1145 416 1228 80.)
444 1164 476 1227 p.
505 1145 698 1206 119-141,
725 1143 814 1205 8016.

245 1246 316 1309 113.
341 1253 517 1320 weicker,
541 1244 714 1311 Gustatus.
745 1243 787 1310 dc
810 1242 967 1328 Sophocle
990 1263 1069 1310 suae
1090 1241 1207 1309 aetatis
1230 1242 1348 1308 eristi-

154 1355 287 1415 matore.
312 1349 406 1414 Halis
429 1348 548 1450 Saron.
577 1350 669 1412 1862.
697 1349 739 1411 80.

466 1522 528 1568 vn.
574 1521 620 1568 Du
642 1519 806 1568 DICTIONE
829 1518 1024 1568 SOPHOCLIS.

255 1622 361 1676 Eorum
377 1622 424 1693 qui
441 1623 471 1676 in
489 1624 584 1678 ecdem
601 1628 763 1693 argumento
781 1621 923 1677 tractando
947 1628 1010 1675 ante
1027 1639 1052 1676 6.
1074 1623 1140 1675 1836
1158 1601 1258 1676 versati
1276 1631 1343 1677 sunt

185 1709 221 1762 cf.
241 1708 389 1780 Theoph.
416 1709 485 1763 Car.
512 1708 603 1763 Guil.
630 1708 835 1773 Schneider,
861 1707 895 1761 66
921 1707 1036 1762 61616616
1066 1706 1207 1779 Sophoclis
1233 1717 1341 1762 cetero-

184 1811 299 1864 rumque
315 1795 481 1864 tragicorum
495 1793 661 1849 Graecorum
672 1793 845 1864 quaestiones
859 1791 1008 1848 nonnullae
1027 1792 1142 1849 criticae.
1163 1795 1180 1848 J
1181 1813 1247 1849 enac
1263 1798 1342 1848 1822.

186 1880 316 1935 Croeker.
340 1883 368 1932 8⁰
380 1898 415 1933 m.
1246 1898 1248 1902 ’

241 1971 312 2031 114.
338 1975 516 2041 Benloew,
540 1965 733 2032 Ludovicus.
753 1965 794 2031 de
810 1965 1009 2051 Sophocleae
1024 1964 1173 2031 dictionis
1194 1966 1346 2052 6166116-

150 2075 217 2134 tate
236 2090 308 2136 cum
319 2069 474 2155 Aeschyli
484 2069 712 2155 Eunpidisque
729 2069 856 2136 dicendi
865 2088 983 2153 genere
995 2075 1190 2154 comparata.
1209 2070 1346 2136 Parisiis

154 2175 248 2238 1847.
279 2171 470 2257 (Hachette.)
505 2176 547 2238 80.
576 2177 613 2237 71
631 2194 687 2258 pp.

255 2273 321 2344 Cap.
342 2275 364 2327 I.
385 2276 398 2342 §
420 2277 443 2329 1.
469 2275 503 2328 de
529 2274 694 2345 Sophocleae
719 2273 845 2328 dictionis
867 2274 1011 2328 aetatibus.
1041 2275 1098 2341 62.
1126 2274 1159 2328 66
1184 2275 1344 2330 discrimine

186 2361 260 2430 quod
276 2361 349 2414 16161
366 2360 494 2431 Aeschyli
512 2359 653 2430 Sophoclis
671 2359 811 2430 Euripidis
830 2359 976 2414 dictionem
994 2360 1148 2424 intercedit,
1168 2391 1199 2400 -
1219 2361 1284 2433 Cap.
1300 2362 1341 2417 H.

188 2448 200 2514 6
222 2448 326 2498 1-11.
347 2446 381 2500 66
400 2446 518 2516 figurata
535 2446 676 2517 Sophoclis
695 2445 826 2499 oratione.
864 2447 932 2513 612.
954 2446 987 2500 66
1002 2446 1145 2518 Sophoclis
1164 2447 1340 2503 obscuritate.

67 2564 71 2572 ι
185 2533 197 2598 6
220 2534 259 2584 13.
289 2531 323 2585 66
342 2531 482 2602 Sophoclis
509 2532 605 2586 ironia.
644 2534 656 2598 6
678 2534 717 2587 14,
744 2549 811 2585 6616
827 2531 941 2584 Homeri
964 2531 1084 2585 imitator
1106 2532 1190 2586 fucrit
1208 2532 1340 2604 Sophocl.

185 2618 332 2688 quaeritur.
346 2648 382 2656 —
399 2618 596 2688 Appendix:
616 2618 650 2672 de
669 2617 764 2671 ordine
783 2634 837 2687 quo
850 2616 991 2686 Sophoclis
1009 2635 1077 2688 quae
1096 2614 1255 2690 superstites
1273 2628 1342 2675 sunt

184 2702 295 2757 fabulae
313 2703 428 2774 scriptae
445 2702 549 2757 luerint
567 2702 737 2758 coniecturae
756 2702 913 2774 praesertim
932 2702 1058 2757 dictionis
1076 2703 1182 2758 ratione
1200 2705 1303 2760 habita.

239 2795 310 2855 115.
343 2797 457 2863 Fries,
487 2788 572 2855 6611.
607 2790 646 2855 66
675 2789 876 2855 anacoluthis
904 2788 1100 2875 Sophocleis.
1132 2792 1210 2857 Pars
1238 2792 1337 2876 prior.

150 2894 288 2959 Dissert.
312 2892 430 2976 inaug
448 2892 664 2959 Vratislaviae
690 2895 783 2958 1870.
810 2895 853 2957 80.
878 2896 918 2956 56
934 2913 989 2977 pp.

252 3014 286 3050 ex
307 3002 436 3065 quattuor
453 2994 677 3049 anacoluthorum
695 2994 840 3064 generibus
858 2995 913 3048 duo
930 3001 1097 3049 tractantur:
1123 3015 1208 3050 unum
1226 2998 1338 3068 quidem

184 3100 238 3154 quc
256 3081 350 3136 relicta
368 3081 518 3135 sententiae
536 3088 673 3134 structura
690 3097 759 3149 quae
777 3087 875 3151 coepta
892 3089 950 3136 erat
966 3082 1002 3136 ad
1013 3083 1093 3136 aliam
1105 3084 1247 3149 transitur,
1268 3085 1340 3138 elte-

184 3187 245 3223 rum
262 3185 316 3238 quo
335 3174 470 3222 structura
491 3184 559 3236 quae
577 3183 634 3219 uon
657 3165 751 3220 relicta
775 3166 824 3220 666
846 3166 1015 3236 aliquatenus
1039 3169 1136 3223 obruta
1160 3177 1231 3236 erat,
1261 3171 1340 3240 quasi

183 3256 350 3310 instauratur
368 3254 510 3322 denuoque
528 3252 683 3323 suscipitur.

239 3345 309 3406 116.
336 3349 509 3414 16616161,
532 3338 720 3405 Richardus.
747 3339 952 3422 quaestiones
974 3338 1015 3405 de
1030 3341 1219 3408 attractione
1235 3363 1342 3409 enun-

121 3466 123 3471 ·
150 3444 323 3511 ciationum
344 3444 552 3509 relativarum
575 3443 680 3525 qualis
703 3462 800 3525 quum
829 3442 862 3507 in
884 3441 958 3508 aliis
981 3440 1048 3508 tuni
1070 3443 1104 3508 in
1126 3444 1251 3513 Graeca
1273 3447 1339 3512 lin-

151 3569 216 3632 gua
247 3545 448 3632 potissimum
481 3544 567 3630 apud
600 3551 713 3630 poetas
746 3545 887 3612 Graecos
924 3545 1028 3611 fuerit.
1062 3548 1204 3630 Berolini
1240 3552 1333 3615 1868.

154 3649 317 3736 (Mitscher
338 3650 366 3714 61
387 3651 554 3730 Roestell.)
582 3652 625 3714 80.
654 3653 713 3712 114
730 3669 785 3733 66.
1303 3642 1305 3646 '

252 3769 279 3821 p.
300 3754 333 3804 66
346 3768 402 3821 sqq.
423 3750 585 3805 enumeratis
602 3749 669 3805 locis
686 3750 845 3821 Sophocleis
863 3751 989 3806 omnibus
1003 3751 1050 3822 qui
1066 3751 1120 3805 huc
1138 3753 1242 3809 iaciunt
1263 3759 1339 3820 (sunt

183 3843 276 3890 autem
293 3854 365 3890 unus
383 3844 411 3890 et
429 3837 577 3907 sexaginta)
604 3837 755 3891 ostenditur
777 3844 909 3908 quantum
925 3837 1073 3908 profecerit
1090 3838 1176 3893 oratio
1193 3840 1337 3910 Sophoclis

183 3939 246 3976 cum
271 3921 422 3994 Aeschyleo
448 3930 611 3994 comparata.
655 3922 751 3993 viginti
777 3922 896 3994 quinque
923 3924 1045 3994 exempla
1070 3923 1143 3979 illius
1169 3927 1337 3981 attractionis

181 4007 357 4062 inveniuntur
377 4008 407 4062 in
429 4009 576 4078 tragoediis
599 4026 667 4079 quae
686 4015 793 4075 extant,
820 4009 1006 4079 duodeviginti
1029 4017 1120 4065 autem
1144 4011 1283 4082 pertinent
1300 4013 1337 4067 ad

182 4094 253 4149 dialo
274 4112 328 4147 um.

236 4111 306 4244 1i7.
332 4188 454 4256 Hertz,
478 4179 648 4245 Henricus.
681 4180 721 4246 de
744 4181 946 4248 anacoluthis
974 4183 1064 4268 apud
1084 4184 1281 4270 Aeschylum
1303 4192 1338 4254 et

146 4279 347 4393 Sophoclem.
371 4281 508 4348 Dissert.
533 4282 644 4366 inaug.
669 4283 809 4350 Berolini
834 4287 926 4350 1856.
953 4289 997 4351 80.
1023 4289 1063 4352 36
1079 4308 1134 4372 66.
