2978 4830
477 294 501 340 1.
549 292 658 340 INDEX
680 291 1010 341 COMMENTATIONUM.
1324 277 1343 336 5

239 466 291 528 34.
328 471 519 538 Wecklein,
553 463 596 528 N.
636 483 731 530 curae
764 463 994 549 epigraphicae
1024 462 1067 528 ad
1099 462 1342 547 grammaticam

147 565 309 632 Graecam
325 572 357 632 et
371 573 484 652 poetas
500 567 642 633 scenicos
658 566 864 653 pertinentes.
888 566 1023 652 Lipsiae
1040 566 1133 629 1869.
1159 566 1338 650 (Teubner.)

147 671 186 734 8⁰
201 689 243 733 m.
270 671 310 733 67
326 689 381 753 pp.

254 771 277 824 Ι.
298 772 332 826 da
352 771 442 826 dativo
460 769 530 841 plur.
550 770 580 824 in
592 789 643 843 por,
664 789 722 836 αισι,
744 790 800 826 οισι.
849 771 888 826 11.
903 771 937 825 de
958 771 1069 825 nomine
1088 764 1217 842 Ἀθηναία.
1237 771 1289 826 ΙΙΙ.
1309 771 1343 825 de

185 857 274 910 dualis
292 856 386 910 formis
404 862 432 910 et
449 874 509 910 usu.
546 857 595 910 IV.
616 857 727 910 nomina
750 858 781 910 in
799 856 849 917 εὑς.
888 858 920 911 V.
941 857 1053 911 nomina
1076 856 1106 910 in
1128 855 1208 927 ιιλῆς,
1234 857 1340 928 κράτης,

186 943 283 1013 φάνης,
305 941 411 1013 chime,
431 962 464 1014 ης
481 959 543 1012 gen.
565 961 604 996 ou.
641 941 691 995 VI.
710 943 786 1007 πνύξ,
806 943 910 1003 πυκνός.
947 943 1010 996 VII.
1030 942 1173 996 adiectiva.
1209 942 1288 995 VIII.
1311 944 1344 997 de

187 1028 242 1081 δύο.
275 1027 325 1080 IX.
345 1027 436 1093 ταύτό,
455 1028 555 1082 ταύτόν.
577 1027 666 1102 οὐδεὶς.
693 1028 753 1082 οὐδὲ
770 1028 817 1088 εἷς.
849 1030 885 1084 X.
906 1029 942 1083 ad
965 1027 1199 1097 coniugationem.
1236 1027 1288 1080 XI.
1310 1027 1344 1080 de

184 1119 335 1183 numento
353 1113 382 1166 in
406 1113 515 1184 εὑρίσκω
533 1113 661 1167 ἀναλίσκει
683 1114 778 1175 εἰκάζω
796 1114 921 1187 εἱστήκειν
940 1115 1088 1187 ἐργάζομαι.
1120 1113 1188 1167 XII.
1202 1111 1288 1166 εἵνεκα
1300 1111 1346 1166 ob-

183 1218 258 1252 νειια.
296 1198 376 1252 XIII.
395 1199 477 1254 varia.
518 1198 595 1252 XIV.
615 1200 648 1254 de
675 1199 839 1270 aspiratione
856 1199 1020 1254 AttIcorum.
1058 1199 1118 1254 XV.
1140 1199 1174 1252 de
1197 1199 1342 1253 methatesi

184 1285 217 1338 in
235 1286 337 1358 φράττω
355 1285 469 1358 δραχμή.
497 1284 542 1338 De
567 1286 728 1358 φαιδρυιτής.
761 1286 838 1340 XVI.
864 1285 898 1339 de
924 1285 988 1338 ἰῶτα
1012 1285 1158 1355 adscripto.
1195 1284 1285 1338 XVII.
1305 1285 1341 1338 ad

186 1371 327 1440 vulgarem
348 1371 608 1441 pronuntiationem.
645 1371 752 1425 XVIII.
773 1372 806 1426 de
824 1370 900 1424 hiatu
919 1378 946 1424 et
959 1370 1080 1425 elisione.
1119 1369 1195 1424 XIX.
1217 1371 1251 1424 de
1264 1371 1343 1424 crasi.

183 1456 249 1512 XX.
264 1457 298 1510 de
317 1455 424 1526 spiritu.
462 1455 537 1510 XXI.
561 1457 594 1511 de
612 1457 819 1529 νέφελιιυετιιιῷ.
851 1455 944 1511 XXII.
964 1456 1034 1531 ἄχρι.
1056 1456 1141 1529 μέχρι.
1162 1456 1269 1509 XXIII.
1289 1454 1344 1510 Πο-

184 1542 291 1596 τείδαια.
328 1542 431 1596 XXIV.
448 1541 534 1596 Στοιά.
571 1543 659 1599 XXV.
679 1542 810 1614 Πειραεύς.
847 1542 949 1596 XXVI.
975 1547 1057 1596 ποεῖν.
1095 1541 1213 1596 XXVII.
1240 1541 1345 1612 σμικρός

186 1628 288 1698 μικρός.
316 1629 388 1698 plau.
425 1627 562 1681 XXVIII.
587 1628 621 1682 de
644 1628 778 1699 scriptura
800 1628 902 1700 γίνομαι
918 1630 1045 1700 γινώσκω.
1081 1627 1186 1681 XXIX.
1207 1627 1263 1694 ξύν,
1290 1626 1343 1680 obv.

185 1714 238 1774 εἰς,
254 1711 289 1771 ἐς.
327 1713 417 1767 ΧΧΧ.
438 1713 471 1767 de
490 1731 505 1766 c
522 1714 596 1783 quod
612 1721 725 1768 vocatur
748 1713 899 1784 euphonico
918 1713 948 1766 in
971 1714 1084 1784 ἔῑωσμαι
1102 1713 1232 1784 σέσωσμαι
1249 1713 1345 1767 simili·

185 1797 247 1851 bus.
285 1797 390 1853 XXXI.
406 1798 463 1852 αἰεί.
485 1799 576 1859 αἰετός.
598 1799 680 1854 ἐλαία.
700 1799 775 1853 sulm.
796 1799 887 1853 κλαίω.
908 1798 996 1853 κλείω.
1020 1799 1147 1871 (πράσσω,
1168 1799 1290 1871 πράττω.)

241 1904 293 1965 35.
327 1908 477 1976 winter,
512 1901 553 1968 de
580 1900 684 1968 modis
716 1902 751 1966 in
783 1902 958 1968 enuntiatis
987 1889 1259 1968 conditionalibus
1289 1901 1349 1987 ap?

147 2003 292 2087 tragicos
316 2003 469 2070 Graecos.
495 2003 632 2070 Dissert.
657 2003 768 2087 inaug.
794 2004 1010 2071 Vratislaviae
1036 2007 1128 2070 1865.
1156 2008 1199 2072 8⁰.

241 2108 292 2171 36.
319 2115 476 2181 wrobel‚
510 2106 551 2172 de
573 2106 774 2173 anacoluthis
804 2107 892 2192 apud
913 2107 1052 2190 tragicos
1077 2108 1229 2174 Graecos.
1255 2109 1343 2173 Part.

148 2211 180 2274 I.
206 2209 295 2277 DIss.
320 2210 432 2295 inaug.
457 2209 679 2277 Vratislaviae?
698 2211 792 2274 1865.
818 2211 861 2274 8⁰.

328 2487 380 2533 111.
413 2487 460 2532 DII
482 2486 527 2533 ltu
549 2484 700 2533 Murmur
722 2485 908 2533 POETARUM
929 2484 1164 2533 TRAGICORUII.

241 2640 293 2702 37.
319 2647 532 2714 Dinaretum,
558 2639 749 2705 Guilelmus.
775 2639 877 2704 Metra
901 2638 1056 2724 Aeschyli
1087 2638 1256 2724 Sophoclis
1278 2638 1346 2702 Eu·
1444 2650 1449 2660 ·

149 2740 267 2826 ripidis
291 2747 324 2807 et
345 2741 570 2827 Aristophanis
593 2742 766 2826 descripta.
797 2740 932 2809 Accedit
954 2741 1179 2826 chronologica
1202 2740 1342 2809 scenica.

149 2843 260 2910 Oxon.
290 2846 383 2908 1842.
422 2844 561 2929 (Lipsiae
584 2865 638 2930 ap.
664 2846 702 2909 T.
728 2844 882 2927 Weigel.)
917 2847 960 2909 8⁰.

239 2948 291 3012 38.
317 2946 435 3013 idem.
466 2946 506 3012 de
534 2947 644 3013 metris
666 2952 835 3032 poetarum
858 2947 1066 3014 scenicorum.
1091 2947 1142 3013 in:
1174 2949 1345 3012 Poetarum

149 3049 280 3116 Scenic.
308 3048 364 3114 Gr.
390 3048 441 3115 ed.
469 3050 508 3115 V.
532 3049 665 3134 Lipsiae
688 3070 718 3114 a.
748 3051 841 3115 1869.
873 3051 1034 3117 Teubner.
1060 3050 1115 3116 fol.
1141 3049 1222 3116 fasc.
1248 3049 1291 3114 X.

256 3169 290 3206 ex
308 3151 347 3205 eis
366 3169 434 3223 quae
457 3151 497 3206 ibi
521 3169 547 3222 p.
569 3153 680 3204 31-58
705 3150 845 3223 disputata
867 3159 955 3218 sunt,'
973 3153 1028 3207 huc
1050 3151 1155 3207 faciunt
1178 3170 1236 3222 cap.
1259 3153 1282 3204 1.
1309 3150 1343 3204 de

187 3237 305 3291 iambico
328 3238 435 3291 senario
456 3237 621 3308 tragicorum
639 3254 666 3308 p.
682 3239 804 3291 31-36.
843 3256 865 3292 c.
881 3242 909 3292 3.
929 3239 962 3293 de
980 3255 1090 3292 caesura
1111 3237 1211 3291 senarii
1231 3255 1258 3308 p.
1275 3237 1349 3288 37-
1455 3294 1460 3301 .

188 3326 232 3377 38.
270 3342 294 3378 c.
309 3326 334 3378 4.
356 3324 390 3376 de
414 3323 530 3378 iambico
548 3322 671 3376 trimetro
693 3323 858 3378 catalectico.
897 3342 921 3378 c.
936 3324 961 3376 5.
987 3323 1021 3377 de
1040 3322 1157 3378 iambico
1175 3329 1344 3377 tetrametro.

185 3427 215 3480 p.
237 3411 280 3462 38.
324 3427 347 3463 c.
364 3412 389 3463 6.
414 3409 448 3462 de
472 3409 565 3462 metris
589 3408 714 3462 iambicis
736 3417 844 3479 praeter
867 3409 1005 3463 trimetros
1030 3416 1058 3464 et
1086 3415 1258 3463 tetrametros
1282 3407 1347 3460 reli-

186 3496 260 3566 quis.
274 3514 301 3566 p.
317 3495 441 3548 38-42.
479 3513 500 3549 c.
524 3501 549 3547 7.
569 3494 603 3548 de
615 3501 702 3549 metro
716 3495 855 3550 trochaico
867 3502 1025 3550 tetrametro
1038 3502 1066 3549 et
1076 3495 1208 3549 trimetro.
1228 3511 1257 3565 p.
1272 3496 1347 3546 42-

186 3583 232 3634 43.
271 3600 295 3636 c.
311 3584 337 3635 8.
363 3581 397 3636 de
420 3580 562 3635 trochaicis
587 3580 709 3635 dimetria
727 3579 841 3652 aliisque
865 3581 1034 3636 brevioribus
1052 3581 1175 3636 versibus
1193 3576 1347 3633 trochaIcis.

183 3684 214 3737 p.
233 3669 355 3720 43-44.
394 3685 417 3720 c.
438 3669 463 3719 9.
490 3667 524 3721 de
548 3675 635 3721 metro
660 3667 767 3721 cratIco.
797 3685 824 3738 p.
845 3669 967 3720 44-45.
1006 3673 1030 3721 c.
1052 3670 1092 3720 10.
1120 3666 1154 3720 de
1172 3672 1259 3719 metro
1278 3665 1348 3718 bac-

188 3752 280 3807 chiaco
305 3759 332 3806 et
354 3751 591 3824 palimbacchiaco.
636 3770 659 3806 c.
684 3755 724 3805 ll.
755 3753 789 3807 de
813 3759 900 3806 metro
920 3750 1075 3806 molossico.
1118 3770 1142 3806 c.
1159 3754 1199 3804 12.
1227 3752 1260 3805 de
1285 3767 1344 3803 rne-

187 3846 230 3892 tro
250 3838 418 3893 dochmiaco.
437 3855 464 3909 p.
484 3840 608 3892 45-49,
646 3855 669 3892 c.
688 3840 727 3891 13.
750 3838 783 3891 de
801 3844 887 3891 metro
906 3838 1040 3909 dactylico
1059 3856 1087 3908 p.
1101 3839 1225 3890 49-51.
1264 3854 1287 3890 c.
1305 3838 1346 3893 14.

184 3925 223 3978 de
240 3931 327 3978 metro
347 3923 529 3995 anapaestico.
567 3941 590 3979 c.
613 3926 654 3976 15.
675 3924 709 3977 de
728 3923 883 3994 anapaestis
900 3922 1037 3992 legitimis.
1057 3940 1084 3994 p.
1102 3926 1225 3978 51-52.
1264 3941 1287 3977 c.
1305 3925 1346 3975 16.

183 4010 222 4062 de
240 4010 393 4080 anapaestis
412 4009 575 4080 spondiacis.
614 4028 637 4064 c.
655 4011 695 4062 17.
721 4010 755 4063 de
779 4007 957 4080 anapaesticis
981 4010 1145 4063 tetrametris
1171 4008 1344 4064 catalecticis.

188 4113 212 4149 c.
230 4098 269 4149 18.
291 4096 325 4149 de
342 4102 429 4149 metro
448 4094 640 4150 choriambico.
679 4112 702 4149 c.
720 4097 760 4150 19.
781 4095 815 4149 de
827 4103 914 4149 metro
928 4094 1067 4166 glyconeo.
1106 4113 1129 4150 c.
1145 4098 1188 4148 21.
1213 4095 1247 4148 de
1260 4101 1348 4148 metro

183 4180 278 4235 ionico
297 4199 313 4235 a
331 4180 439 4235 minori.
468 4186 502 4252 (p.
523 4184 555 4234 57
569 4184 620 4253 sq.)

240 4287 293 4350 39.
320 4293 493 4350 Gotthold.
535 4286 634 4352 ueber
661 4284 725 4351 den
759 4283 1023 4352 schluszcreticus
1057 4282 1115 4351 des
1147 4282 1348 4350 iambischen
