2978 4830
145 335 182 380 IV
635 331 837 380 PRAEFATIO.

149 523 200 569 me
228 503 386 569 facturum
413 502 594 569 arbitrabar
623 504 771 569 omnibus
800 505 854 587 qui
885 504 1000 570 studiis
1016 504 1059 570 ad
1082 505 1197 569 summi
1219 504 1333 588 tragici

149 623 277 689 fabulas
314 623 522 707 explicandas
559 623 697 690 conlatis
734 624 879 707 quamvis
913 644 971 690 suo
998 625 1100 690 Marte
1132 623 1184 689 fisi
1220 630 1328 690 tamen

146 763 205 810 nec
228 743 394 828 aspernari
423 743 558 808 aliorum
588 743 728 809 virorum
751 744 915 810 doctorum
945 764 1079 809 acumen
1108 750 1140 809 et
1167 744 1330 827 ingenium

147 864 268 930 vellent
296 884 356 930 nce
385 864 448 948 ipsi
476 864 612 948 perdere
642 884 775 948 operam
810 864 1043 947 investigandis
1081 864 1329 931 enucleandisve

145 984 193 1051 eis
224 985 319 1050 rebus
349 1004 432 1066 quae
456 985 496 1050 ab
518 985 592 1050 aliis
614 984 679 1050 iam
706 985 826 1049 dudum
856 991 964 1050 essent
992 985 1072 1051 satis
1100 985 1271 1067 diligenter
1300 992 1332 1050 et

146 1104 276 1189 copiose
303 1105 480 1188 expositae.

208 1223 351 1290 Iudicem
373 1224 480 1309 ipsum
510 1223 595 1306 quod
617 1225 658 1290 ab
681 1244 765 1289 anno
787 1223 882 1290 huius
906 1227 1029 1293 saeculi
1051 1225 1210 1291 tricesimo
1240 1230 1330 1290 sexto

146 1344 285 1428 incipere
308 1345 547 1423 constituerem,
572 1344 641 1409 eius
665 1343 712 1409 rei
734 1344 855 1427 duplex
878 1345 1008 1410 suberat
1030 1365 1137 1428 causa,
1157 1366 1221 1410 una
1244 1344 1330 1426 quod

145 1464 180 1528 in
202 1464 373 1530 dictionem
396 1463 607 1548 Sophocleum
630 1464 861 1546 inquirentibus
883 1464 1026 1530 Ellendti
1048 1465 1152 1531 lexico
1175 1466 1260 1548 quod
1274 1464 1329 1529 illo

145 1604 229 1650 anno
252 1585 371 1650 editum
395 1590 444 1650 est
466 1590 631 1668 tantopere
647 1578 826 1650 consultum
841 1584 1001 1667 videbam,
1026 1591 1222 1670 quantopere
1243 1584 1330 1649 haud

145 1705 211 1770 scio
245 1725 287 1769 an
319 1705 401 1769 nulli
437 1704 494 1770 alii
527 1703 723 1770 Graecorum
755 1709 938 1787 poetarum:
973 1706 1077 1771 altera
1104 1705 1188 1787 quod
1216 1705 1329 1771 eodem
1423 1736 1427 1741 ·

145 1845 230 1890 anno
254 1824 341 1889 Guil.
366 1823 551 1889 Dindorfius
577 1823 798 1889 ‘Oxonicnses
821 1825 1044 1890 annotationes
1067 1826 1109 1890 ad
1138 1825 1237 1909 Soph.
1263 1832 1329 1889 tra-

145 1945 294 2028 goedias’
309 1944 426 2009 edidit
454 1944 569 2026 quibus
606 1944 844 2026 tragoediarum
879 1945 1050 2028 explicatio
1088 1950 1119 2010 et
1159 1945 1329 2011 illustratio

145 2084 339 2149 magnopere
362 2069 506 2149 promota
535 2071 594 2129 est.
641 2062 765 2141 Quibus
799 2064 889 2129 libris
919 2071 1072 2146 tanquam
1101 2085 1185 2131 novo
1212 2064 1330 2129 funda-

146 2193 252 2252 mento
275 2191 494 2269 superstructa
517 2204 588 2249 cum
605 2185 787 2269 Sophoclea
809 2184 915 2249 studia
937 2185 977 2249 ab
1000 2203 1038 2249 eo
1053 2204 1137 2249 anno
1154 2183 1330 2249 laetissima

145 2306 341 2373 incrementa
363 2305 531 2389 cepissent,
558 2304 674 2388 prioris
689 2306 805 2370 aetatis
821 2304 1103 2371 commentationes
1118 2303 1219 2369 omitti
1234 2323 1330 2388 posse

144 2425 346 2507 videbantur,
371 2425 417 2490 ita
440 2430 547 2489 tamen
570 2431 605 2488 ut
628 2444 710 2507 quae
732 2425 772 2489 ab
795 2424 926 2489 ineunte
943 2424 1072 2489 saeculo
1095 2423 1199 2488 editae
1222 2431 1331 2489 essent

145 2552 220 2612 ante
243 2546 375 2628 singula
396 2545 469 2611 libri
491 2545 555 2610 mci
577 2544 684 2628 capita
704 2543 995 2628 bibliographicam
1017 2544 1173 2610 rationem
1201 2550 1330 2609 secutus

147 2666 323 2732 minoribus
344 2665 430 2750 typis
459 2664 652 2731 indicandas
680 2685 835 2730 curarem.
881 2665 989 2745 Atque
1010 2664 1043 2728 in
1064 2662 1171 2729 indice
1201 2663 1329 2745 quidem

145 2789 216 2872 ipso
245 2785 463 2869 componendo
499 2785 546 2850 ita
575 2791 723 2850 versatus
749 2803 820 2849 sum
856 2791 982 2849 utnon
1011 2791 1134 2849 tantum
1164 2789 1329 2849 auctorum

144 2907 275 2973 nomina
295 2905 473 2970 litterarum
495 2905 607 2970 ordine
629 2911 756 2972 servato
779 2904 956 2986 digererem
979 2903 1148 2969 sedetiam
1163 2904 1328 2969 materiam

145 3028 252 3112 ipsam
282 3025 460 3109 generatim
496 3024 634 3090 divisam
660 3043 869 3109 proponerem
898 3043 1002 3106 neque
1032 3025 1208 3089 omitterem
1246 3043 1329 3105 quac

145 3148 186 3213 de
209 3147 309 3212 tribus
332 3144 518 3228 tragoediae
540 3143 740 3229 principibus
763 3144 883 3228 scripta
905 3163 1054 3227 magnam
1073 3152 1196 3227 partem
1211 3144 1254 3208 ad
1269 3143 1330 3208 So-

145 3266 269 3354 phoclis
292 3265 419 3331 fabulas
441 3271 526 3331 recte
547 3264 782 3347 intellegendas
805 3264 1098 3346 existimandasque
1120 3263 1327 3348 pertinerent.

146 3387 205 3453 eui
228 3385 525 3452 commentationum
547 3383 647 3449 indici
677 3384 763 3466 quod
785 3386 919 3451 alterum
940 3384 1078 3451 indicem
1099 3385 1240 3450 locorum
1264 3390 1331 3448 tra-

146 3513 303 3573 ctatorum
332 3505 525 3585 subicerem,
562 3511 674 3571 auctor
702 3503 782 3568 mihi
811 3505 960 3571 extiterat
980 3504 1182 3570 Hermannus
1202 3504 1326 3580 Bonita,

147 3648 242 3710 quem
264 3635 339 3692 tunc
360 3625 463 3709 ipsius
486 3624 613 3707 collegii
636 3632 667 3689 et
689 3625 828 3689 muneris
858 3623 1095 3690 necessitudine
1128 3625 1327 3702 coniunctus,

145 3768 229 3814 nune
251 3748 368 3812 absens
391 3764 453 3809 non
482 3743 590 3808 minus
612 3744 731 3827 pietate
753 3750 785 3809 et
808 3743 948 3808 amicitia
970 3762 1147 3826 prosequor
1168 3751 1200 3810 et
1215 3744 1326 3826 diligo.

147 3868 245 3933 Cuius
268 3865 382 3932 summi
403 3863 464 3928 viri
486 3864 709 3930 auctoritatem
723 3865 869 3930 lubenter
891 3860 1019 3929 secutus
1041 3864 1182 3929 locorum
1209 3862 1330 3928 tracta-

144 3993 246 4052 torum
274 3984 410 4050 indicem
442 3983 489 4048 ita
520 3983 643 4049 confeci
675 3989 710 4048 ut
740 3983 875 4066 singulis
917 3983 1167 4066 uniuscuiusque
1200 3982 1330 4047 fabulae

144 4106 289 4171 versibus
317 4103 533 4171 adscribcrcm
562 4122 711 4169 numeros
734 4123 843 4168 earum
873 4100 1173 4168 commentationum
1200 4102 1235 4167 in
1257 4103 1330 4184 qui-

143 4226 204 4290 bus
226 4244 280 4290 eos
302 4229 454 4293 tractator
477 4225 671 4291 inveneram.
718 4222 802 4287 Nam
824 4221 920 4288 facile
949 4222 1176 4305 intellegebam
1205 4223 1273 4288 fore
1295 4229 1331 4287 ut

146 4345 216 4411 sine
239 4344 395 4411 eiusmodi
418 4343 611 4410 adminiculo
633 4342 705 4426 ipse
728 4341 1027 4409 commentationum
1059 4341 1156 4408 index
1178 4362 1242 4407 non
1276 4360 1331 4409 eos
