2978 4830
146 253 164 318 8
472 269 497 316 1.
544 230 655 316 monn
678 266 1008 316 connnurnmouunr.

234 438 302 506 591.
328 447 468 512 wilare,
492 440 535 504 M.
572 440 796 523 quaestionum
817 440 1020 506 metricorum
1041 438 1199 524 particula
1220 439 1247 504 Ι.
1287 439 1339 504 De

146 563 357 629 personarum
378 541 554 608 mutatione
576 548 609 609 et
630 562 651 608 a
671 543 774 627 poetis
797 543 927 626 tragicis
950 549 983 609 et
1004 544 1046 609 ab
1067 541 1281 627 Aristophane
1304 541 1339 606 in

146 647 294 713 versibus
324 645 444 730 dialogi
472 651 639 730 usurpata.
671 647 780 730 Progr.
813 665 961 732 gymnas.
999 644 1212 713 Duesseldors
1238 647 1334 709 1855.

147 755 191 814 4⁰.
219 751 258 814 32
274 770 330 834 pp.

250 852 340 905 Inest:
360 851 538 922 prooemium.
559 867 618 920 cap.
639 853 669 904 2:
695 869 749 922 qua
765 852 870 906 ratione
888 869 1020 924 personae
1038 857 1178 905 mutentur
1194 850 1224 904 in
1241 850 1338 904 trime-

180 946 222 991 tro
239 937 356 992 iambico
370 938 407 1007 (p.
421 938 537 1001 3-20).
574 953 635 1006 cap.
656 938 685 989 3:
709 955 763 1007 qua
774 938 879 992 ratione
897 954 1030 1008 personae
1042 944 1183 991 mutentur
1199 937 1229 989 in
1247 943 1337 990 tetra-

182 1031 269 1078 metro
287 1021 424 1077 trochaico
447 1025 481 1094 (p.
502 1023 636 1086 21-28].
674 1039 733 1094 cap.
754 1026 784 1077 4:
804 1023 833 1076 in
851 1030 1008 1078 tetrametro
1027 1021 1199 1094 anapaestico
1217 1040 1271 1093 qua
1288 1041 1336 1076 ra-

181 1110 256 1164 tione
274 1116 416 1163 mutentur
432 1124 564 1178 personae
593 1111 628 1178 (p.
649 1110 782 1173 28-36).
820 1127 877 1181 cap.
899 1113 927 1162 5:
948 1124 1002 1179 quo
1020 1108 1101 1162 modo
1119 1125 1252 1178 personae
1269 1126 1334 1161 mu-

182 1202 276 1248 tentur
293 1195 322 1248 in
340 1201 498 1248 tetrametro
515 1192 631 1246 iambico
654 1197 690 1264 (p.
709 1196 844 1260 30-31).
882 1212 939 1265 cap.
961 1197 989 1247 6:
1010 1212 1064 1265 qua
1080 1194 1186 1249 ratione
1203 1211 1339 1265 personae

183 1287 324 1335 mutentur
340 1281 370 1334 in
387 1280 543 1334 hexametro
563 1277 706 1350 dactylico.

235 1387 301 1449 59⁰.
325 1391 472 1457 witten‚
496 1381 536 1447 dc
548 1382 741 1466 tragicorum
756 1383 953 1450 Graecorum
968 1383 1205 1469 stichomytliia.
1223 1385 1336 1467 Progr.

148 1507 258 1572 gymn.
283 1486 581 1553 Helmstedt1872.
608 1489 653 1549 4⁰.
679 1489 720 1551 32
735 1508 792 1572 pp.

252 1595 450 1660 percensentur
465 1587 519 1642 tria
536 1589 877 1660 generastichomythiae,
903 1588 1033 1654 disticha,
1053 1587 1231 1653 monosticha,
1251 1588 1342 1642 hemi-

185 1675 271 1729 sticha
289 1675 389 1738 oratio,
410 1681 535 1728 accurate
553 1673 674 1729 collectis
693 1683 721 1729 et
737 1674 864 1729 indicatis
882 1672 1011 1746 exemplis
1029 1692 1098 1744 quae
1116 1675 1191 1745 apud
1208 1681 1263 1727 tres
1281 1681 1341 1727 tra-

134 1792 137 1796 ·
184 1759 298 1830 goediae
315 1759 453 1831 principes
471 1766 573 1814 extant.

238 1849 289 1912 60.
315 1855 520 1923 Zippmann,
553 1847 714 1913 Albertus.
752 1867 811 1914 aus
845 1845 917 1912 dem
950 1846 1122 1913 nachlasse
1155 1845 1339 1912 desselben.

153 1951 263 2034 Progr.
289 1969 400 2034 gymn.
425 1948 695 2015 Schneidemuehl
721 1952 813 2015 1871.
840 1955 884 2043 4⁰.
918 1952 1009 2035 8pp.

255 2069 411 2124 continetur
428 2086 492 2140 pars
509 2067 685 2140 praefationis
703 2087 786 2140 quam
803 2069 837 2122 A.
858 2069 889 2132 Z.
910 2068 1005 2122 maiori
1023 2069 1099 2140 operi
1120 2065 1170 2124 ‘de
1194 2085 1343 2146 respon-

142 2211 143 2214 ,
186 2155 321 2208 sionum
346 2156 437 2227 apud
458 2155 615 2224 tragicos
638 2154 714 2225 lege
738 2173 773 2209 ac
796 2154 944 2208 ratione'
969 2154 1165 2208 conscribendo
1184 2161 1242 2208 erat
1260 2172 1343 2225 prae-

184 2242 317 2317 missurus
335 2241 389 2294 nisi
406 2241 551 2295 immatura
568 2246 655 2294 morte
667 2247 739 2294 esset
756 2241 917 2312 absumptus
936 2240 1002 2294 dum
1019 2240 1049 2293 in
1061 2239 1177 2294 Belforti
1196 2258 1343 2312 oppugna·

184 2327 290 2381 toribus
308 2326 416 2381 fortiter
433 2345 490 2381 rem
508 2327 632 2382 cominus
651 2327 729 2397 gerit.
1250 2323 1253 2326 ’

215 2568 253 2632 Β.
307 2567 423 2633 LIBRI
445 2567 503 2632 Du
527 2566 748 2736 SOPHOSigrE
769 2566 864 2633 IPSO
886 2565 1071 2644 EIUSQUE
1094 2567 1276 2634 FABULIS

708 2671 833 2736 RIPTI.

400 2876 448 2924 1v.
484 2878 531 2924 nu
553 2877 633 2926 vrrs
654 2877 872 2938 nonmusoun
893 2876 1089 2926 sornooms.
1193 2865 1196 2872 '

253 2996 327 3050 Ante
346 3014 371 3050 a.
394 2999 475 3050 1836:
512 2998 648 3066 Lange,
673 2996 734 3051 Car.
756 2996 829 3051 Guil.
856 2997 1090 3050 commentationis
1108 2995 1142 3049 de
1161 2994 1217 3049 vita
1235 2994 1345 3067 Sopho-

187 3080 235 3137 clis
252 3081 395 3153 particula.
414 3081 490 3135 Dias.
510 3083 603 3152 inaug.
623 3081 701 3137 Halis
720 3082 782 3138 Sax.
805 3085 879 3135 1823.
900 3084 936 3135 8⁰.
959 3085 991 3134 22
1003 3099 1047 3153 pp.

239 3189 291 3250 61.
309 3194 467 3261 Blados-f,
493 3186 579 3251 Guil.
598 3182 677 3273 ‘filos
693 3178 891 3272 Eopoals'oor'
907 3185 957 3250 in:
983 3186 1086 3251 Poeu.
1105 3204 1191 3250 soen.
1212 3184 1341 3251 Graeci.

153 3287 204 3355 ed.
230 3290 270 3354 V.
296 3289 437 3375 Lipsiae.
467 3291 561 3354 1869.
586 3287 696 3355 fascic.
723 3289 765 3352 X.
797 3311 831 3375 p.
859 3292 1009 3353 11-15.

256 3391 367 3461 antiqua
389 3391 446 3446 vita
462 3409 479 3444 a
496 3391 670 3460 grammatico
689 3389 780 3462 aliquo
798 3391 949 3462 composita
966 3390 1001 3444 ad
1021 3387 1147 3444 meliores
1165 3389 1250 3444 libros
1272 3394 1345 3455 (nam

187 3495 203 3532 a
220 3477 270 3530 LA
288 3477 372 3544 abest)
395 3476 490 3532 exacta
508 3477 581 3531 edita
598 3483 627 3530 et
644 3476 872 3530 commentatione
889 3475 1025 3530 illustrata
1043 3482 1092 3530 est.

240 3584 292 3645 62.
323 3590 440 3654 Hane,
470 3581 506 3648 6.
544 3580 731 3666 Sophocles.
765 3581 826 3645 Ein
859 3578 1077 3664 griechisches
1110 3578 1341 3646 dichtcrlcben.

153 3680 263 3767 Progr.
290 3703 399 3768 gymn.
425 3682 550 3749 Emden
576 3686 669 3748 1869.
702 3688 745 3748 4⁰.
774 3685 812 3747 18
828 3704 885 3768 pp.

240 3788 292 3851 63.
318 3796 361 3850 de
377 3795 542 3860 Leutsoh,
563 3786 603 3850 Ε.
621 3781 697 3851 ‘das
719 3786 799 3871 grah
833 3785 891 3852 des
914 3781 1113 3871 Sophocles.'
1136 3785 1188 3851 in:
1217 3781 1346 3852 <Philo-

154 3889 287 3972 logusI
315 3891 354 3974 (a.
384 3891 491 3974 1846.)
517 3909 550 3973 p.
576 3891 635 3953 128
653 3908 722 3971 sqq.

242 3994 293 4056 64.
319 4001 449 4067 saber,
472 3991 505 4058 S.
525 3992 564 4056 A.
585 3986 641 4058 ‘de
663 3992 730 4058 vita
746 3989 933 4078 Sophoclis?
960 3992 1012 4057 in:
1031 3987 1256 4058 ‘Miscellanca
1270 3992 1347 4077 phi·
1395 4000 1399 4009 “

153 4094 304 4178 lologica.
328 4094 422 4161 Nova
436 4094 556 4161 Series.
575 4094 700 4161 Fascio.
717 4096 761 4161 Π.
787 4095 1021 4162 Ammclodami
1038 4097 1131 4159 1851.
1151 4116 1184 4180 p.
1204 4097 1344 4160 28-48.

258 4196 451 4251 adnotationes
474 4196 611 4252 advitam
632 4196 716 4268 Soph.
738 4198 877 4269 antiquam
895 4216 911 4252 a
928 4197 1104 4267 grammatico
1123 4195 1215 4267 aliquo
1234 4214 1348 4269 compo-

189 4285 269 4338 sitam
285 4289 486 4355 proponuntur.
