2978 4830
176 287 196 346 4
501 306 525 352 1.
572 304 681 352 166611
703 303 1039 352 66666611616666.

204 471 272 525 dens
299 471 390 526 dativo
408 473 528 544 positum
555 475 732 544 cogitandum
756 481 797 528 est
825 477 864 541 (ut
889 474 969 548 χέρας
995 473 1159 544 tiaratos<
1185 473 1277 542 gladio
1297 491 1366 527 cae·
1439 473 1440 477 ’

202 557 307 622 dentes)
326 574 353 628 p.
376 561 407 612 16
420 576 461 629 sq.
480 588 514 600 -
540 578 636 614 eorum
665 561 861 616 obiectivorum
884 559 914 613 in
938 559 1037 630 quibus
1061 558 1214 613 membrum
1236 560 1366 629 pendens

202 644 377 714 subsequitur
394 646 546 700 membrum
564 662 663 715 regens
680 664 739 701 esse
756 653 847 717 potest
869 651 918 699 aut
934 644 1098 698 adiectivum
1116 650 1164 697 aut
1180 645 1293 699 verbum
1311 653 1365 700 aut

199 731 374 800 praepositio.
396 759 427 770 -
447 729 567 786 (168661
591 732 611 785 τ’
634 732 738 807 ἔνορκον
763 731 835 786 ilaus
857 731 990 786 similibus
1013 748 1040 802 p.
1063 733 1103 783 18.
1124 760 1159 769 —
1182 748 1210 802 p.
1231 734 1355 784 26-21.

199 850 233 886 ex
251 832 390 888 adiectivis
409 832 538 888 derivatis
557 834 689 889 nonnulla
713 835 742 888 in
762 823 819 905 ἷμ-ος
838 833 966 888 exeuntia
984 840 1170 888 recensentur.

251 938 302 999 22.
328 945 468 1013 Hoppe,
499 936 704 1004 Adelhertus.
736 937 778 1004 de
800 937 1074 1023 comparationum
1096 943 1128 1003 et
1149 936 1364 1021 metaphora-

162 1058 233 1102 rum
255 1038 344 1124 apud
358 1039 500 1123 tragicos
516 1039 656 1106 Graecos
668 1060 739 1106 usu.
766 1042 877 1124 Progr.
895 1061 1005 1125 gymn.
1032 1038 1239 1124 Leucophaei
1254 1040 1359 1106 Bero-

162 1140 311 1229 linensis.
336 1141 480 1207 Berolini
504 1145 598 1208 1859.
624 1148 667 1208 40.
694 1146 784 1229 8pp.

250 1246 301 1309 23.
328 1254 476 1319 Krause,
506 1245 536 1312 J.
569 1244 609 1311 de
637 1245 733 1310 trium
762 1245 961 1311 attractionis
991 1265 1145 1329 generum
1174 1265 1235 1312 usu
1268 1245 1363 1330 apud

162 1345 314 1431 tragicos.
339 1348 477 1414 Dissert.
502 1348 610 1432 inaug.
637 1348 853 1415 Vratislaviae
878 1351 972 1414 1862.
998 1351 1041 1413 8⁰.

249 1452 302 1513 24.
327 1450 443 1516 idem.
477 1450 519 1517 de
540 1451 740 1517 attractionis
755 1471 816 1517 666
837 1451 871 1516 in
887 1450 1045 1518 infinitivo
1060 1451 1253 1534 tragicorum
1274 1451 1361 1517 locis

59 1549 60 1552 ’
163 1553 300 1618 collatis.
318 1554 428 1636 Progr.
448 1573 558 1638 gymn.
575 1553 798 1620 Fridericiani.
817 1553 1045 1620 Vratislaviae.
1074 1556 1167 1618 1871.
1185 1558 1217 1618 4.
1239 1557 1276 1619 16
1293 1575 1357 1639 pp.

266 1671 362 1743 cap.I.
383 1672 453 1726 ratic
472 1664 642 1726 attractionis
664 1672 822 1744 explicatur.
861 1673 973 1742 cap.‘H.
993 1672 1047 1727 loci
1070 1672 1236 1742 tragicorum
1254 1673 1361 1743 quibus

196 1757 340 1826 genetivus
359 1764 406 1811 aut
425 1757 532 1813 dativus
555 1757 725 1812 attractionis
747 1758 888 1827 neglectus
907 1766 958 1812 est.
977 1789 1012 1799 —
1038 1757 1211 1827 Intellegitur
1228 1758 1353 1829 Aeschy-

195 1842 252 1896 lum
269 1849 298 1896 et
315 1843 438 1897 crebrius
456 1849 484 1896 et
502 1842 658 1896 distinctius
676 1843 858 1913 subtiliusque
876 1860 956 1913 quam
978 1843 1096 1914 reliquos
1113 1843 1247 1913 tragicos,
1268 1844 1359 1899 Euri-

194 1928 285 1999 pidem
303 1946 366 1982 cum
383 1927 600 1990 multcliberius
617 1935 677 1982 tum
694 1929 831 1983 rarissime
850 1947 882 1983 ea
899 1931 1062 1984 attractione
1080 1948 1159 1984 usum
1177 1947 1247 1985 esse.

245 2035 299 2095 25.
323 2040 463 2097 Proske.
494 2031 535 2098 de
558 2032 736 2098 enunciatis
758 2031 909 2098 finalibus
932 2032 1020 2118 apud
1041 2034 1179 2118 tragicos
1195 2032 1353 2100 Graecos.

159 2133 296 2201 Dissert.
320 2134 430 2219 inaug.
456 2134 672 2201 Vratislaviae
697 2137 790 2200 1861.
816 2138 861 2200 8⁰.

246 2241 299 2304 26.
324 2242 473 2311 Badake,
507 2237 682 2304 Gustatus.
718 2237 759 2304 de
791 2239 892 2324 tropis
920 2236 1008 2322 apud
1029 2237 1169 2322 tragicos
1193 2239 1353 2305 Graecos.

158 2339 295 2439 Dissert.
319 2341 431 2424 inaug.
456 2339 718 2406 Β616111111866.
750 2333 923 2425 (Calvary.)
952 2343 996 2406 8⁰.
1022 2343 1063 2406 36
1078 2362 1133 2426 pp.

244 2461 296 2524 28.
321 2460 438 2526 idem.
470 2459 511 2525 de
539 2459 733 2544 tragicorum
756 2454 952 2526 Graecomm
973 2460 1086 2545 tropis.
1117 2461 1279 2526 Particula
1301 2461 1351 2526 H.

157 2563 207 2628 De
229 2562 426 2648 metaphoris
449 2582 490 2628 ex
511 2562 619 2628 verbis
641 2562 779 2629 nauticis
802 2569 897 2629 etex
910 2563 1068 2630 venaticis
1086 2563 1207 2648 petitis.
1231 2564 1350 2647 Progr.

155 2687 265 2751 gymn.
292 2665 490 2732 Crotoschin.
519 2668 613 2731 1867.
638 2669 681 2729 40.
711 2669 749 2730 16
771 2686 827 2750 pp.

240 2771 293 2834 28.
318 2777 473 2845 Rumpel,
492 2768 524 2835 J.
543 2763 632 2834 ‘zum
647 2767 927 2853 sprachgebrauch
942 2767 1000 2836 der
1014 2765 1180 2853 tragiker.'
1197 2769 1246 2834 in:
1265 2768 1351 2835 Phi-

153 2873 278 2956 lologus
301 2871 394 2938 XXI.
426 2873 544 2956 (1864.)
571 2891 604 2955 p.
634 2874 826 2935 144-147.
1264 2919 1266 2924 .

255 2974 290 3028 de
308 2974 501 3030 uocabulorum
519 2972 673 3044 61611666
685 2990 753 3038 616,
773 2991 912 3038 mensura,
932 2973 1043 3028 sedibus
1055 2974 1085 3027 in
1096 2973 1226 3028 trimetris
1238 2973 1337 3042 agitur.

240 3080 292 3142 29.
316 3076 724 3153 Β611616661,Η61111666.
749 3076 790 3143 de
812 3076 990 3144 imitatione
1011 3084 1155 3145 veterum
1177 3083 1347 3161 poetarum

152 3180 309 3267 imprimis
333 3201 442 3247 eorum
463 3181 548 3247 inter
562 3181 704 3247 Graecos
727 3180 783 3263 qui
797 3179 982 3265 tragoedias
998 3181 1203 3265 scripserunt.
1228 3181 1344 3265 Progr.

151 3305 262 3369 gymn.
287 3283 454 3367 Augustae
476 3282 604 3350 Vindel.
633 3284 727 3349 1836.
753 3286 797 3348 4⁰.
826 3286 865 3347 12
880 3306 936 3370 pp.

172 3465 176 3471 ,
238 3389 291 3451 36.
317 3394 493 3460 sonanter,
527 3387 568 3452 H.
604 3385 645 3452 de
667 3385 808 3452 Dorismi
836 3387 871 3452 in
900 3384 1074 3470 tragoediis
1103 3384 1237 3452 Graecis
1265 3405 1341 3452 usu.

149 3491 259 3575 Progr.
286 3509 397 3575 gymn.
424 3489 570 3556 6611661.
598 3490 692 3555 1866.
717 3493 762 3554 40.
791 3492 830 3553 12
845 3510 901 3574 pp.

102 3583 111 3591 ”
236 3595 288 3657 31.
314 3601 484 3666 Schmidt,
509 3591 550 3657 de
573 3590 725 3677 epithetis
741 3590 923 3677 compositis
945 3590 980 3654 in
1002 3589 1175 3674 tragoediis
1192 3591 1344 3657 Graecis.

148 3696 285 3763 Dissert.
303 3695 414 3778 inaug.
439 3694 700 3761 Β616111111865.
727 3697 770 3759 8⁰.

234 3800 287 3863 32.
313 3797 549 3872 6611611666.
574 3799 613 3863 R.
647 3798 688 3864 de
717 3795 850 3883 epitheti
877 3795 912 3861 in
933 3794 1116 3881 periphrasi
1143 3797 1346 3863 sustantivc·

148 3923 217 3969 rum
239 3901 443 3969 traiectione.
469 3903 579 3985 Progr.
605 3923 714 3988 gymn.
740 3899 919 3984 Torgouiae
944 3900 1037 3964 1849.
1064 3903 1108 3965 40.
1138 3904 1174 3963 11
1192 3921 1249 3985 pp.

248 4021 335 4075 paene
352 4009 428 4058 totus
445 4011 569 4059 versatur
586 4004 694 4059 libellus
711 4002 741 4056 in
758 4001 923 4057 Homericae
944 4008 972 4056 et
988 4001 1107 4071 tragicae
1127 4001 1255 4055 dictionis
1273 4018 1345 4072 prc-

179 4090 296 4161 prietate
317 4088 474 4160 aperienda.

231 4196 283 4259 33.
309 4201 516 4270 6666111,
538 4193 578 4260 de
594 4191 771 4258 accusativi
785 4191 873 4277 apud
894 4191 1033 4276 tragicos
1049 4189 1244 4259 Graecorum
1260 4209 1337 4256 usu.

143 4297 231 4365 Diss.
255 4298 367 4384 inaug.
392 4298 485 4365 Halis
507 4297 587 4365 Sax.
616 4297 709 4360 1854.
735 4296 779 4360 80.
