2978 4830
615 325 815 373 PRAEFATIO.
1288 329 1309 374 V

119 497 248 562 afferret
276 517 354 562 usus
384 496 498 579 quibus
529 496 707 562 destinatus
732 503 826 562 esset.
875 497 1018 580 Cumque
1042 502 1106 561 tam
1130 517 1227 580 saepe
1251 517 1306 563 co-

119 616 303 698 gnovissem
320 616 394 682 sciri
409 616 537 698 quidem
553 615 624 698 quis
648 616 784 682 alicuius
801 617 1003 683 coniecturae
1027 624 1113 682 esset
1135 624 1253 697 auctor,
1273 617 1306 679 in

120 756 181 819 quo
204 736 313 802 libello
336 757 407 802 cam
429 737 631 821 protulisset,
665 737 799 816 nesciri,
834 738 961 802 tertium
988 737 1104 802 addere
1127 736 1264 802 indicem
1287 756 1305 801 e

122 857 282 922 revisum
305 864 354 922 cst
376 877 439 939 qno
462 862 626 922 auctorum
648 856 778 922 nomina
800 857 949 923 indicatis
972 857 1171 940 singulorum
1194 857 1305 921 nnius-

117 977 272 1059 cuiusque
295 977 595 1043 commentationum
617 953 756 1042 numeris
779 976 877 1042 facile
900 985 1035 1061 possent
1057 977 1199 1060 reperiri.

208 1096 277 1173 Quo
300 1097 417 1181 triplici
438 1096 544 1163 indice
567 1096 763 1162 conficiendo
786 1085 897 1162 usibus
921 1116 1029 1162 eorum
1051 1097 1105 1178 qui
1127 1087 1305 1180 in'Sopho-

120 1216 180 1280 olis
210 1216 327 1282 sabulis
357 1217 558 1301 explicandis
586 1217 651 1282 iam
682 1216 801 1281 dudum
830 1216 1031 1282 habitassent
1059 1217 1179 1301 pariter
1208 1225 1304 1299 atque

119 1356 228 1401 eorum
251 1338 305 1419 qui
327 1336 555 1420 philologicam
578 1336 732 1401 rationem
755 1336 855 1402 secuti
878 1336 985 1402 studia
1001 1357 1059 1401 sua
1082 1336 1124 1401 ad
1147 1356 1303 1401 summurn

120 1457 277 1539 tragicum
300 1455 557 1540 cognoscendum
580 1456 735 1521 conlaturi
750 1463 868 1538 essent,
889 1455 1006 1540 optime
1021 1477 1072 1522 me
1088 1457 1304 1522 consulturum

119 1578 299 1660 sperabam.
347 1577 459 1660 Neque
474 1577 603 1643 inanem
619 1576 737 1642 fovisse
761 1596 851 1660 spem
874 1575 952 1640 mihi
973 1575 1105 1641 videbar
1128 1583 1160 1641 et
1175 1595 1304 1659 operam

120 1718 204 1779 quae
226 1717 285 1781 par
308 1704 395 1762 esset
416 1697 578 1782 proposito
602 1696 849 1780 consumpsisse.
898 1694 1098 1778 Quamquam
1121 1696 1223 1762 fateor
1246 1716 1304 1781 po-

121 1817 222 1882 tuisse
244 1816 329 1896 fieri,
366 1824 400 1881 ut
429 1816 462 1879 in
491 1823 580 1881 tanta
616 1816 795 1881 libellorum
818 1815 913 1901 copia
935 1816 1082 1881 nonnulli
1104 1816 1303 1899 diligentiam

121 1955 224 2000 meam
253 1935 436 2002 fefellerint.
484 1936 696 2001 Recensiones
724 1957 806 2018 quae
837 1936 985 2001 dicuntur
1013 1943 1044 2001 et
1067 1935 1242 2000 editionum
1272 1944 1304 2001 et

35 2052 39 2059 '
119 2055 422 2123 commentationum
439 2056 582 2120 consulto
605 2055 706 2134 omisi,
734 2075 805 2120 cum
820 2055 896 2137 quia
911 2055 1084 2139 pleraeque
1101 2062 1209 2120 essent
1224 2075 1303 2120 ano-

121 2195 236 2260 nymae
258 2182 324 2239 turn
347 2183 518 2260 propterca
540 2174 625 2258 quod
647 2175 731 2240 aliae
753 2175 929 2253 indicandi,
946 2195 1010 2240 non
1024 2173 1190 2250 iudicandi
1206 2195 1302 2240 causa
1343 2266 1346 2271 ,

120 2296 308 2361 brevissime
331 2296 468 2380 scriptae
490 2316 553 2360 non
577 2301 644 2361 erat
667 2315 724 2361 cur
739 2301 1011 2360 enumerarentur.
1044 2294 1175 2377 Eligere
1197 2301 1303 2359 autem

119 2416 344 2498 gravissimam
376 2436 534 2499 quamque
568 2417 607 2480 ab
642 2414 774 2481 huiusce
808 2415 882 2480 libri
914 2415 1059 2480 instituto
1097 2414 1300 2480 abhorrebat.
1394 2410 1404 2432 ⁸

121 2536 156 2600 Si
185 2555 248 2617 qua
278 2536 343 2600 alia
365 2535 646 2616 desiderabantur,
673 2537 828 2601 benevole
856 2543 890 2600 ut
916 2555 1047 2600 monear
1081 2535 1177 2600 ctiam
1206 2542 1303 2617 atque

119 2655 216 2719 etiam
237 2674 315 2737 rogo
337 2656 595 2738 indefessamque
616 2656 650 2720 in
675 2655 874 2721 emendando
890 2655 1100 2740 augendoque
1120 2653 1199 2720 hoce
1221 2654 1302 2720 libro

121 2794 250 2858 operam
279 2794 383 2839 meam
416 2776 578 2859 polliceor.
626 2775 695 2852 Quo
725 2776 796 2842 loco
818 2775 963 2858 insignes
997 2776 1043 2841 eis
1073 2775 1151 2840 viris
1181 2775 1301 2858 gratias

121 2895 224 2960 refero
247 2895 301 2976 qui
323 2894 443 2959 libellis
465 2915 544 2976 quos
567 2896 608 2960 de
631 2895 768 2979 singulis
784 2894 950 2979 Sophoclis
965 2894 1045 2960 locis
1061 2902 1304 2979 composuerunt

122 3015 318 3080 transmissis
341 3035 392 3080 me
416 3015 605 3081 adiuverunt
626 3035 731 3099 neque
753 3015 857 3081 minus
881 3021 1006 3099 gratum
1028 3016 1199 3099 praestabo
1232 3015 1303 3079 ani-

122 3156 207 3199 mum
229 3134 276 3201 cis
299 3135 353 3216 qui
377 3154 455 3216 quos
472 3135 587 3201 abhinc
603 3135 643 3200 de
666 3135 824 3220 Sophocle
840 3136 1050 3216 conscribent,
1070 3135 1210 3219 augendi
1225 3155 1303 3200 con-

119 3254 327 3338 tinuandique
350 3252 482 3321 huiusce
505 3255 577 3321 libri
600 3275 698 3321 causa
720 3255 798 3320 mihi
821 3261 875 3320 aut
897 3255 983 3339 ipsos
1010 3256 1225 3320 transmittent
1247 3261 1302 3319 aut

120 3375 197 3456 quid
219 3375 265 3440 eis
295 3374 495 3441 contineatur
523 3395 580 3459 pro
612 3376 685 3441 libri
713 3376 836 3441 ratione
864 3375 1039 3440 indicatum
1070 3395 1194 3440 mecum
1217 3394 1302 3440 com-

120 3495 335 3561 municabunt.
398 3496 524 3561 Dabam
562 3513 799 3561 nnnncorunrr
836 3514 883 3559 ιιι
919 3514 1076 3561 nonnum.
1131 3513 1302 3560 nnnnnnrs

120 3630 330 3680 coronamus
353 3633 657 3681 nncccnxxrrr.
