2978 4830
149 272 168 333 6
475 286 500 332 1.
546 286 656 332 runnx
678 285 1007 334 comunurnmouum.

144 456 305 525 trimeters
334 456 392 522 der
420 455 581 523 Griechen
607 457 674 523 und
702 458 852 523 Roemer:
885 456 919 522 in
947 457 1101 524 Zeitschr.
1134 456 1157 522 1.
1192 456 1337 541 Gymn-

145 561 276 626 Wesen.
302 561 392 625 VIII.
423 561 541 645 (1854.)
569 581 603 646 p.
629 564 823 626 695-796.

230 667 283 728 46.
315 670 482 738 Heiland,
518 663 559 730 de
589 664 815 749 stiohomythia
842 663 1046 747 tragicorum.
1077 665 1188 747 Progr.
1220 682 1335 746 gymn.

147 767 292 833 Stendal.
325 769 418 831 1855.

231 875 284 934 41.
311 878 436 944 Jacob,
468 870 508 935 G.
540 869 582 936 de
610 869 740 952 aequali
769 870 972 954 stropharum
1000 876 1032 936 et
1061 867 1335 953 antistrophamm

145 974 179 1039 in
201 973 388 1057 tragoediae
412 972 559 1039 Graecae
582 973 714 1038 canticis
737 973 997 1040 conformatione.
1054 974 1192 1038 Dissert.
1217 971 1336 1053 inaug.

145 1076 288 1142 Berohni
313 1078 407 1141 1866.
434 1077 478 1139 8⁰.
504 1080 544 1139 55
560 1096 615 1161 pp.

232 1183 284 1244 42.
309 1183 430 1253 Kiehl,
454 1178 485 1245 J.
503 1179 563 1262 11,
589 1178 675 1263 Rijm
689 1178 733 1263 bij
755 1177 796 1243 de
812 1177 990 1245 Grieksohe
1007 1177 1143 1245 Scenioi.
1168 1178 1203 1242 in
1226 1173 1337 1246 ‘Mue-

145 1302 290 1368 mosyne.
323 1282 514 1367 'Pijdschn'ft
538 1301 617 1348 voor
637 1280 813 1347 classische
840 1278 1042 1346 litteratuur?
1076 1280 1210 1366 Leyden
1236 1282 1332 1343 1852.

145 1387 172 1452 Ι.
198 1407 231 1470 p.
251 1389 360 1450 2-4.
378 1423 422 1433 -
442 1384 704 1450 Additamentum
726 1384 861 1450 subiecit
882 1384 960 1450 ibid.
985 1406 1017 1468 p.
1039 1387 1112 1448 288.
1138 1384 1176 1447 Ε.
1195 1383 1332 1448 Μ55151.

233 1490 286 1554 43.
311 1496 482 1563 motetus,
506 1487 696 1554 Richardus.
732 1488 938 1570 quaestiones
960 1488 1111 1553 metricae
1137 1486 1178 1552 de
1201 1505 1341 1551 numero

146 1592 364 1677 anapaestico.
390 1591 479 1658 Diss.
500 1591 609 1675 inaug.
635 1589 723 1675 Lips.
752 1592 845 1654 1869.
871 1593 915 1656 8⁰.

251 1694 286 1747 de
303 1693 432 1763 legitimis
449 1694 573 1748 versibus
590 1692 768 1763 anapaesticis
781 1711 927 1764 corumque
940 1711 992 1747 usu
1005 1694 1079 1765 apud
1092 1692 1210 1761 tragicos
1229 1699 1257 1744 et
1267 1689 1351 1743 Ari-¹

181 1780 343 1851 stophanem
368 1778 489 1834 collectis
513 1786 637 1834 accurate
661 1796 755 1832 eorum
776 1778 843 1833 locis
865 1779 1016 1834 disseritur.
1047 1779 1089 1834 cf.
1109 1777 1277 1842 Buchholtz‚
1298 1777 1337 1830 de

121 1898 131 1917 .
181 1866 321 1937 Euripidis
339 1865 462 1919 versibus
475 1864 663 1935 anapaesticis.
699 1865 796 1933 Progr.
816 1883 908 1936 gymn.
929 1865 1046 1920 Cottbus
1066 1868 1142 1919 1864.

234 1974 288 2034 44.
313 1977 474 2043 11151151,
503 1968 576 2035 Car.
601 1968 726 2034 Frider.
774 1968 814 2035 de
836 1968 973 2054 pedibus
996 1969 1109 2036 solutis
1131 1968 1165 2034 in
1187 1967 1341 2049 dialogo-v

147 2094 218 2138 rum
253 2073 389 2138 senariis
418 2071 588 2157 Aeschyli,
626 2068 808 2156 Sophoclis,
844 2071 1018 2158 Euripidis.
1063 2071 1206 2143 Berolini
1238 2072 1338 2133 1866.

154 2178 216 2261 (ap.
241 2174 499 2259 Weidmannos).
529 2177 573 2239 8⁰.
599 2196 641 2239 m.

234 2284 287 2343 45.
312 2284 541 2352 Nieberding,
565 2277 734 2343 Robertus.
761 2277 801 2343 de
817 2285 1064 2362 anapaestorum
1087 2277 1174 2362 apud
1188 2274 1342 2359 Aeschy-

147 2384 213 2448 lum
237 2389 269 2447 et
284 2380 475 2466 Sophoclem
490 2380 614 2446 ratione
629 2380 915 2464 antisystematioa.
940 2380 1079 2446 Dissert.
1097 2381 1208 2462 inaug.
1234 2379 1340 2442 Bero-

147 2485 205 2550 hni
231 2487 324 2548 1867.
351 2483 507 2567 (9511511
529 2489 561 2547 51
584 2482 653 2567 Co.)
689 2485 732 2547 8⁰.
760 2485 800 2547 63
822 2504 876 2568 pp.

67 2577 72 2586 “
233 2590 301 2651 461.
326 2594 486 2660 Hersen,
511 2585 597 2651 Guil.
622 2586 721 2651 ueber
743 2585 796 2651 die
818 2586 929 2652 tmesis
952 2586 1011 2653 der
1024 2586 1242 2673 praeposition
1262 2605 1341 2651 vom

148 2691 281 2757 verbum
302 2689 354 2754 bei
377 2688 440 2755 den
466 2688 687 2772 griechischen
716 2688 877 2773 dichtem‚
904 2689 1079 2755 besonders
1100 2689 1153 2756 bei
1174 2688 1237 2777 den
1260 2689 1342 2754 dra-

147 2792 308 2859 matikem
329 2813 362 2857 u.
388 2791 544 2877 lyrikem.
568 2791 620 2856 in:
645 2791 830 2857 Rheinisch.
847 2792 1005 2858 Museum.
1022 2793 1064 2858 N.
1082 2793 1120 2856 F.
1145 2791 1204 2856 XI.
1214 2793 1336 2875 (1857.)

146 2917 179 2981 p.
198 2897 371 2961 90—128.
397 2916 429 2979 p.
450 2897 641 2959 260-292.
669 2896 862 2960 378-427.

252 2997 286 3051 de
305 2996 445 3066 Sophoclis
463 3015 516 3050 usu
534 2995 675 3051 disseritur
691 3015 718 3069 p.
740 2999 879 3051 91-104.

236 3082 304 3147 461.
330 3091 471 3158 1151155,
501 3081 541 3147 de
564 3083 683 3148 senarii
706 3083 823 3150 Graeci
850 3084 1002 3150 caesuris.
1029 3084 1153 3167 Regim.
1182 3085 1276 3148 1859.
1302 3082 1338 3148 8.

148 3186 288 3352 illisa
313 3296 485 3364 Ribbeck,
516 3286 553 3353 0.
591 3288 689 3353 ueber
716 3288 769 3355 die
799 3289 1043 3374 symmetrische
1072 3288 1283 3373 composition
1304 3288 1343 3353 in

149 3391 207 3457 der
229 3391 363 3457 antiken
377 3393 496 3474 poesie.
521 3391 574 3456 in:
593 3386 718 3457 ‘Neues
732 3391 922 3459 Schweizer.
940 3389 1092 3458 Museum’
1111 3394 1139 3457 Ι.
1163 3393 1202 3476 (5.
1226 3393 1333 3476 1861.)

174 3497 239 3558 ,21
271 3496 395 3556 -242,

148 3517 170 3580 p
235 3497 289 3662 18.
313 3590 500 3681 Rossbach,
522 3596 562 3661 A.
580 3618 612 3663 u.
631 3599 668 3662 R.
695 3596 883 3682 Westphal‚
909 3597 1027 3662 metrih
1046 3597 1102 3662 der
1116 3595 1345 3680 griechischen

150 3699 349 3765 dramatiher
371 3699 437 3764 und
458 3699 582 3785 lyriker
603 3701 699 3767 nebst
721 3700 783 3766 den
801 3701 1025 3784 begleitenden
1048 3700 1232 3768 musischen
1254 3700 1345 3765 5111-

148 3809 231 3869 5151.
258 3801 390 3868 251111.
423 3799 558 3888 Leipzig
583 3805 675 3868 1867.
707 3804 888 3888 (Teubner.)
916 3805 1041 3871 2V011.
1068 3806 1111 3868 8⁰.

252 3902 313 3958 Vol.
333 3904 362 3957 I:
386 3905 539 3975 Rhythmik
557 3905 615 3959 und
632 3906 777 3960 harmonik
795 3907 876 3960 nebst
894 3906 942 3959 der
958 3906 1114 3975 geschichte
1133 3905 1181 3960 der
1199 3905 1257 3959 drei
1277 3923 1341 3959 mu-

183 3990 291 4044 sischen
315 3990 478 4062 disciplinam
506 3994 563 4057 (869
580 3994 648 4062 pp).
668 4022 703 4032 -
731 3992 793 4045 Vol.
808 3992 852 4045 Il:
882 3993 926 4046 die
950 3992 1111 4062 allgemeine
1129 3991 1189 4046 und
1212 3990 1344 4062 specielle

184 4074 293 4128 metrik.
317 4078 375 4140 (864
387 4080 442 4147 pp.)

236 4182 301 4244 49⁸.
327 4187 490 4256 Rumpel,
513 4180 542 4245 J.
569 4175 639 4246 ‘die
662 4180 878 4264 aufldsungen
899 4181 944 4246 im
966 4181 1108 4246 trimeter
1130 4180 1187 4246 des
1215 4178 1345 4264 Sopho-

149 4281 223 4349 kles
245 4280 311 4347 und
332 4279 535 4367 Aeschylus?
561 4283 615 4347 in:
639 4283 824 4369 Philologus
847 4284 953 4351 XXV.
982 4286 1086 4368 1867.)
1113 4304 1145 4367 p.
1174 4287 1214 4346 54
1231 4301 1300 4364 sqq.
