2978 4830
484 300 508 346 1.
555 301 664 348 44444
685 299 1017 351 44444444444444.
1307 289 1347 352 77

262 473 412 538 temptatur
431 468 487 522 OC.
511 473 568 524 113.
589 448 736 542 41144444
755 471 902 528 46644119
914 489 953 544 sq.
983 479 1061 546 pcipe
1079 473 1122 527 brui
1138 474 1210 528 41444.

245 567 340 635 64810.
365 581 483 648 megel.
515 573 556 640 de
586 573 755 659 Sophoclis
782 574 907 662 Oedipo
938 575 1089 643 Ooloneo.
1129 578 1239 663 Progr.
1271 599 1349 665 pro-

156 674 320 758 gymnasii
341 674 536 761 Dillenburg
560 679 652 743 1873.
678 683 722 742 40.
751 681 790 744 18
806 700 861 764 pp.
978 744 980 746 ,

261 776 352 845 agitur
370 779 404 833 de
421 778 528 834 4441444
552 796 606 849 qua
624 778 708 851 Soph.
728 780 852 852 mythum
871 782 905 836 de
923 780 1030 853 Oedipo
1048 743 1210 847 excoluerit,
1235 790 1294 836 tum
1312 782 1347 838 de

192 860 306 916 consilio
324 869 351 917 et
368 872 506 934 tempore,
522 865 608 921 tertio
625 865 686 919 loco
704 865 739 919 de
757 865 832 920 chori
850 867 958 921 cantico
976 885 993 922 4
1009 884 1034 920 4.
1056 870 1140 922 668-
1142 869 1202 920 116.
1225 875 1346 932 1444444-
1403 930 1406 936 ,

190 947 246 1002 tius
264 956 415 1003 tractentur
439 967 468 1005 v.
493 951 553 1003 668.
580 953 641 1007 674.
661 953 720 1006 683.
742 953 802 1006 686.
822 954 882 1006 696.
909 955 960 1007 696
978 960 1007 1007 44
1028 954 1088 1008 ilo.
1113 955 1172 1007 698.
1199 955 1258 1008 699,
1284 958 1344 1008 161.

192 1035 251 1086 444.
272 1036 342 1100 iro.)

243 1141 317 1204 649.
342 1147 451 1216 xook.
474 1139 673 1207 Theodorus.
706 1141 806 1207 ueher
828 1140 880 1208 die
894 1140 1033 1227 parodos
1048 1141 1107 1209 der
1121 1143 1345 1227 griechischen

154 1241 319 1324 tragoedie
341 1241 386 1306 im
414 1242 630 1326 allgemeinen
660 1242 726 1308 und
753 1243 806 1309 die
834 1244 893 1310 des
916 1243 1059 1331 Oedipus
1081 1245 1115 1311 in
1141 1245 1279 1313 Oolonos
1299 1246 1344 1311 im

153 1343 364 1411 hesoudenen.
395 1345 507 1428 Progr.
532 1363 644 1431 gymn.
677 1348 785 1412 Posen
816 1349 910 1412 1850.
950 1353 994 1413 40.
1034 1352 1077 1413 56
1092 1369 1148 1433 pp.
1193 1349 1344 1432 (Berolini

154 1445 368 1513 vendiderunt
388 1447 559 1514 1114414464
580 1447 625 1514 fil.
654 1449 761 1533 1854.)

258 1567 274 1602 a
290 1567 317 1620 p.
338 1553 461 1605 16-19.
488 1550 523 1604 de
540 1551 645 1621 parodu
661 1549 817 1606 fabularum
834 1550 1048 1622 Sophoclearum
1065 1552 1172 1621 agitur:
1191 1570 1218 1624 p.
1239 1555 1271 1605 39
1284 1570 1341 1624 sqq.

189 1634 223 1687 de
241 1635 345 1705 paredo
363 1634 464 1705 Oedipi
482 1633 605 1691 Colonei.

160 1744 163 1748 ’
239 1742 313 1803 658.
338 1747 486 1814 zeloten,
511 1739 573 1806 On.
599 1741 640 1807 Η.
665 1739 880 1808 4444444444
896 1741 1072 1827 Oedipodis
1082 1742 1216 1810 Oolonei
1231 1763 1339 1809 44444·

153 1842 263 1925 Progr.
287 1861 399 1927 gymn.
425 1840 567 1908 Meldori
588 1846 681 1909 1846.
707 1849 751 1908 40.
781 1849 820 1909 14
835 1865 891 1929 pp.

239 1948 313 2008 651.
339 1953 535 2020 Kunhardt,
557 1946 599 2012 Η.
645 1948 929 2014 commentationes
959 1947 1000 2014 de
1033 1946 1112 2013 locis
1147 1948 1340 2030 quibusdam

151 2060 296 2113 veterum
324 2048 515 2132 scriptorum
537 2054 594 2114 aut
620 2048 854 2116 difficilioribus
876 2056 935 2115 aut
955 2049 1065 2132 ahqua
1086 2049 1127 2115 de
1150 2070 1250 2117 causa
1272 2071 1341 2117 me-

150 2149 370 2216 morabilibus.
413 2151 457 2233 (P.
483 2150 509 2216 1.
534 2151 569 2216 in
590 2171 656 2235 qna
674 2151 729 2236 de,
747 2152 846 2238 Soph.
872 2152 996 2237 Oedipo
1019 2152 1161 2218 Ooloneo
1183 2153 1341 2238 disputari

149 2252 297 2320 instituit.
324 2254 435 2337 Progr.
460 2274 570 2338 gymn.
597 2255 751 2321 Lueheck
775 2258 868 2320 1838.
895 2257 927 2320 80
939 2276 981 2320 m.
1007 2256 1043 2320 Ρ.
1061 2255 1105 2320 II.
1130 2255 1240 2339 inqua
1256 2275 1340 2339 qnae

151 2355 311 2441 disputari
330 2364 449 2441 coepta
470 2363 546 2423 snut
565 2356 607 2423 de
637 2356 736 2443 Soph.
770 2354 895 2443 Oedipo
917 2357 1059 2425 Ooloneo
1080 2357 1241 2424 adfinem
1263 2379 1340 2444 per-

149 2458 329 2526 ducuntur:
342 2458 465 2526 ibidem
490 2461 582 2526 1849.
610 2463 643 2525 80
657 2461 714 2544 44.)
743 2463 803 2525 153
818 2481 872 2546 pp.

238 2565 310 2627 651.
336 2571 534 2637 Loehbach,
565 2562 734 2629 Rudolfus.
772 2583 812 2628 zu
842 2561 941 2649 Soph.
973 2561 1037 2630 OC.
1078 2568 1160 2628 1454
1194 2584 1243 2648 sq.
1281 2566 1335 2632 int

148 2663 185 2730 z.
211 2664 235 2730 f.
261 2665 343 2738 ew.
369 2666 458 2733 xvi.
488 2668 528 2750 (a.
557 2667 664 2752 4444.)
691 2687 723 2751 p.
750 2670 823 2731 744.

252 2768 334 2822 scribi
351 2768 409 2823 vult
431 2767 484 2823 644
509 2769 555 2838 μὲν
574 2768 647 2839 ἕτερα
664 2767 760 2834 αὔξων,
787 2769 819 2822 τὰ
837 2764 944 2839 dinup’
963 2769 1036 2840 ἦμαρ
1054 2767 1226 2829 4114444144.
1258 2790 1340 2842 quam

183 2854 369 2909 coniecturam
386 2853 523 2925 copiosius
547 2854 747 2908 commendavit
771 2861 799 2908 44
816 2854 941 2908 defendit
958 2855 988 2908 in
1006 2855 1213 2927 quaestiouibus
1231 2856 1339 2929 Sopho·

183 2939 758 3011 41414.Μ441443.1865.4114444414443.
786 2940 957 2995 8⁰.nr.IX.

233 3046 306 3108 653.
332 3053 488 3120 Mecum,
512 3044 543 3110 J.
570 3065 609 3110 zu
633 3042 818 3128 Sophocles.
853 3043 904 3108 in:
931 3043 1118 3164 Philologus
1139 3046 1261 3112 XVIII.
1293 3049 1334 3130 (a.

150 3148 257 3231 1861.)
283 3168 316 3232 p.
332 3150 526 3213 360-361.

252 3249 343 3319 agitur
361 3251 395 3304 de
414 3248 470 3304 OC.
491 3252 541 3302 320
555 3267 612 3320 sqq
639 3253 699 3304 381.
718 3251 779 3302 499.
800 3253 859 3304 580.
881 3253 939 3304 649.
961 3252 1020 3302 iso.
1041 3253 1163 3322 Ollsqq.
1184 3254 1335 3308 9391650,

235 3353 448 3418 65414444.
491 3353 549 3419 der
581 3352 660 3420 Oed.
693 3354 761 3420 Ool.
794 3354 852 3420 des
880 3353 978 3438 Soph.
1018 3354 1184 3439 beitraege
1207 3376 1265 3421 444
1286 3356 1337 3420 iu-

146 3476 248 3523 44444
269 3448 336 3522 und
360 3476 537 3523 aenszeren
558 3457 660 3522 kritilr
681 3457 739 3522 des
767 3455 919 3522 stueckes
946 3457 1042 3523 nebst
1070 3457 1176 3524 ciuem
1205 3460 1336 3544 anhang

147 3558 400 3645 philologiseher
420 3560 596 3626 miscellen.
633 3559 841 3626 Base11868.
869 3560 912 3623 80.
937 3561 1025 3626 VIII.
1051 3567 1084 3626 et
1110 3563 1170 3625 113
1190 3583 1246 3647 pp.

248 3679 276 3733 p.
299 3664 391 3714 1-89.
411 3661 566 3732 disputatur
583 3661 616 3716 de
635 3661 761 3716 universa
779 3679 817 3715 44.
838 3678 864 3731 p.
886 3664 1009 3715 46-97.
1035 3662 1136 3732 singuli
1153 3662 1207 3717 loci
1225 3662 1335 3717 fabulae

180 3747 290 3819 plurimi
307 3755 459 3803 tractantur
481 3756 509 3802 44
532 3755 709 3819 temptantur.
746 3766 773 3819 p.
794 3746 935 3822 98-123.
963 3748 1100 3819 appendix
1128 3747 1172 3815 (ad
1190 3748 1331 3821 Calpurn„

179 3833 349 3899 Nemesim,
368 3833 481 3888 Anthol.
502 3833 611 3900 Graec.)

232 3943 305 4003 655.
341 3945 514 4012 11414444,
559 3938 599 4003 Α.
650 3936 806 4003 1441414414
835 3936 1012 4003 miscellen.
1051 3935 1103 4002 in:
1142 3937 1327 4023 Philologus

146 4041 249 4107 xvss.
282 4044 322 4126 (a.
351 4043 456 4124 4444.)
483 4061 514 4125 p.
542 4042 603 4105 454
621 4056 690 4123 sqq.

248 4161 275 4214 p.
298 4144 356 4196 558.
378 4143 411 4196 de
430 4142 487 4197 OC.
510 4145 567 4196 143.
591 4142 738 4212 respiciens
757 4143 791 4195 ud
809 4142 927 4212 priorem
945 4143 1201 4198 commentationem
1219 4141 1286 4196 ibid.
1307 4150 1327 4197 t.

181 4229 256 4284 XIV.
276 4246 303 4301 p.
325 4233 349 4282 2.
371 4228 472 4283 editam
495 4227 693 4283 et-Schenlreli
716 4227 975 4298 disputatiunculam
992 4227 1060 4282 ibid.
1079 4236 1100 4282 t.
1120 4228 1211 4283 XVII.
1236 4245 1263 4298 p.
1283 4230 1326 4281 32.

178 4316 319 4386 prolatam.
