<?xml version="1.0" encoding="UTF-8"?>
<!DOCTYPE html PUBLIC "-//W3C//DTD XHTML 1.0 Transitional//EN"
    "http://www.w3.org/TR/xhtml1/DTD/xhtml1-transitional.dtd">
<html xmlns="http://www.w3.org/1999/xhtml" xml:lang="en" lang="en">
 <head>
  <title>
</title>
<meta http-equiv="Content-Type" content="text/html;charset=utf-8" />
  <meta name='ocr-system' content='tesseract 3.04.00' />
  <meta name='ocr-capabilities' content='ocr_page ocr_carea ocr_par ocr_line ocrx_word'/>
</head>
<body>
  <div class='ocr_page' id='page_1' title='image "./indexcommentati00gentgoog_0014.png"; bbox 0 0 2978 4830; ppageno 0'>
   <div class='ocr_carea' id='block_1_1' title="bbox 351 1237 1123 1319">
    <p class='ocr_par' dir='ltr' id='par_1_1' title="bbox 351 1237 1123 1319">
     <span class='ocr_line' id='line_1_1' title="bbox 351 1237 1123 1319; baseline -0.006 0"><span class='ocrx_word' id='word_1_1' title='bbox 351 1245 380 1319; x_wconf 93' lang='lat' dir='ltr'><strong>I.</strong></span> <span class='ocrx_word' id='word_1_2' title='bbox 435 1241 601 1318; x_wconf 82' lang='lat' dir='ltr'>INDEX</span> <span class='ocrx_word' id='word_1_3' title='bbox 621 1237 1123 1317; x_wconf 79' lang='lat' dir='ltr'><strong>COMMENTATIONUM.</strong></span> 
     </span>
    </p>
   </div>
   <div class='ocr_carea' id='block_1_2' title="bbox 661 1432 815 1440">
    <p class='ocr_par' dir='ltr' id='par_1_2' title="bbox 661 1432 815 1440">
     <span class='ocr_line' id='line_1_2' title="bbox 661 1432 815 1440; baseline -0.006 0"><span class='ocrx_word' id='word_1_4' title='bbox 661 1432 815 1440; x_wconf 72' lang='lat'><strong>———</strong></span> 
     </span>
    </p>
   </div>
   <div class='ocr_carea' id='block_1_3' title="bbox 407 1582 1072 1633">
    <p class='ocr_par' dir='ltr' id='par_1_3' title="bbox 407 1582 1072 1633">
     <span class='ocr_line' id='line_1_3' title="bbox 407 1582 1072 1633; baseline -0.005 -1"><span class='ocrx_word' id='word_1_5' title='bbox 407 1586 431 1633; x_wconf 90' lang='lat'><strong>1.</strong></span> <span class='ocrx_word' id='word_1_6' title='bbox 466 1585 514 1632; x_wconf 80' lang='lat' dir='ltr'><strong>DE</strong></span> <span class='ocrx_word' id='word_1_7' title='bbox 535 1583 759 1632; x_wconf 78' lang='lat' dir='ltr'><strong>TRAGIOORUM</strong></span> <span class='ocrx_word' id='word_1_8' title='bbox 780 1583 869 1630; x_wconf 81' lang='lat' dir='ltr'><strong>ARTE</strong></span> <span class='ocrx_word' id='word_1_9' title='bbox 890 1582 1072 1632; x_wconf 79' lang='lat' dir='ltr'><strong>UMIVERSA.</strong></span> 
     </span>
    </p>
   </div>
   <div class='ocr_carea' id='block_1_4' title="bbox 248 1684 1439 1755">
    <p class='ocr_par' dir='ltr' id='par_1_4' title="bbox 248 1684 1439 1755">
     <span class='ocr_line' id='line_1_4' title="bbox 248 1684 1439 1755; baseline -0.002 -14"><span class='ocrx_word' id='word_1_10' title='bbox 248 1689 292 1743; x_wconf 87' lang='lat' dir='ltr'><strong>Ab</strong></span> <span class='ocrx_word' id='word_1_11' title='bbox 311 1706 336 1742; x_wconf 95' lang='lat' dir='ltr'><strong>a.</strong></span> <span class='ocrx_word' id='word_1_12' title='bbox 358 1690 424 1740; x_wconf 86' lang='grc'>1866</span> <span class='ocrx_word' id='word_1_13' title='bbox 443 1687 479 1741; x_wconf 96' lang='lat' dir='ltr'><strong>ad</strong></span> <span class='ocrx_word' id='word_1_14' title='bbox 496 1704 520 1740; x_wconf 95' lang='lat' dir='ltr'><strong>a.</strong></span> <span class='ocrx_word' id='word_1_15' title='bbox 538 1689 604 1740; x_wconf 88' lang='grc'>1836</span> <span class='ocrx_word' id='word_1_16' title='bbox 622 1703 654 1740; x_wconf 88' lang='lat' dir='ltr'><strong>ea</strong></span> <span class='ocrx_word' id='word_1_17' title='bbox 672 1686 706 1740; x_wconf 91' lang='lat' dir='ltr'><strong>de</strong></span> <span class='ocrx_word' id='word_1_18' title='bbox 724 1703 754 1739; x_wconf 88' lang='lat' dir='ltr'><strong>re</strong></span> <span class='ocrx_word' id='word_1_19' title='bbox 772 1685 818 1754; x_wconf 90' lang='lat' dir='ltr'><strong>qui</strong></span> <span class='ocrx_word' id='word_1_20' title='bbox 836 1684 1003 1755; x_wconf 87' lang='lat' dir='ltr'><strong>scripserunt</strong></span> <span class='ocrx_word' id='word_1_21' title='bbox 1021 1685 1104 1739; x_wconf 87' lang='lat' dir='ltr'><strong>affero</strong></span> <span class='ocrx_word' id='word_1_22' title='bbox 1122 1685 1186 1738; x_wconf 90' lang='lat' dir='ltr'><strong>hos:</strong></span> <span class='ocrx_word' id='word_1_23' title='bbox 1212 1685 1333 1750; x_wconf 80' lang='lat' dir='ltr'><strong>Jacob,</strong></span> <span class='ocrx_word' id='word_1_24' title='bbox 1435 1694 1439 1702; x_wconf 87' lang='lat'>&#39;</span> 
     </span>
    </p>
   </div>
   <div class='ocr_carea' id='block_1_5' title="bbox 180 1770 1406 2272">
    <p class='ocr_par' dir='ltr' id='par_1_5' title="bbox 180 1770 1406 2272">
     <span class='ocr_line' id='line_1_5' title="bbox 180 1770 1336 1844; baseline -0.003 -15"><span class='ocrx_word' id='word_1_25' title='bbox 180 1776 215 1829; x_wconf 89' lang='lat' dir='ltr'><strong>A.</strong></span> <span class='ocrx_word' id='word_1_26' title='bbox 240 1775 273 1827; x_wconf 89' lang='lat' dir='ltr'><strong>L.</strong></span> <span class='ocrx_word' id='word_1_27' title='bbox 295 1774 328 1828; x_wconf 88' lang='lat' dir='ltr'><strong>G.</strong></span> <span class='ocrx_word' id='word_1_28' title='bbox 367 1771 535 1844; x_wconf 84' lang='lat' dir='ltr'><strong>Sophocleae</strong></span> <span class='ocrx_word' id='word_1_29' title='bbox 559 1773 742 1842; x_wconf 78' lang='lat' dir='ltr'><strong>quaestiones.</strong></span> <span class='ocrx_word' id='word_1_30' title='bbox 779 1770 967 1825; x_wconf 87' lang='lat' dir='ltr'><strong>Praemittitur</strong></span> <span class='ocrx_word' id='word_1_31' title='bbox 991 1771 1092 1842; x_wconf 89' lang='lat' dir='ltr'><strong>disput.</strong></span> <span class='ocrx_word' id='word_1_32' title='bbox 1119 1771 1154 1825; x_wconf 91' lang='lat' dir='ltr'><strong>de</strong></span> <span class='ocrx_word' id='word_1_33' title='bbox 1176 1771 1336 1839; x_wconf 78' lang='lat' dir='ltr'><strong>tragoediae</strong></span> 
     </span>
     <span class='ocr_line' id='line_1_6' title="bbox 183 1854 1332 1928; baseline -0.003 -15"><span class='ocrx_word' id='word_1_34' title='bbox 183 1859 288 1928; x_wconf 79' lang='lat' dir='ltr'>origine</span> <span class='ocrx_word' id='word_1_35' title='bbox 307 1865 335 1912; x_wconf 87' lang='lat' dir='ltr'><strong>et</strong></span> <span class='ocrx_word' id='word_1_36' title='bbox 353 1859 387 1912; x_wconf 92' lang='lat' dir='ltr'><strong>de</strong></span> <span class='ocrx_word' id='word_1_37' title='bbox 404 1857 570 1926; x_wconf 81' lang='lat' dir='ltr'><strong>tragicorum</strong></span> <span class='ocrx_word' id='word_1_38' title='bbox 584 1857 751 1911; x_wconf 87' lang='lat' dir='ltr'><strong>Graecorum</strong></span> <span class='ocrx_word' id='word_1_39' title='bbox 763 1874 825 1910; x_wconf 91' lang='lat' dir='ltr'><strong>cum</strong></span> <span class='ocrx_word' id='word_1_40' title='bbox 842 1857 983 1928; x_wconf 85' lang='lat' dir='ltr'><strong>republica</strong></span> <span class='ocrx_word' id='word_1_41' title='bbox 995 1857 1207 1912; x_wconf 81' lang='lat' dir='ltr'><strong>necessitudine.</strong></span> <span class='ocrx_word' id='word_1_42' title='bbox 1227 1854 1288 1910; x_wconf 91' lang='lat' dir='ltr'><strong>Vol.</strong></span> <span class='ocrx_word' id='word_1_43' title='bbox 1309 1856 1332 1910; x_wconf 95' lang='grc' dir='ltr'>Ι.</span> 
     </span>
     <span class='ocr_line' id='line_1_7' title="bbox 180 1941 1406 2018; baseline -0.002 -19"><span class='ocrx_word' id='word_1_44' title='bbox 180 1945 328 1999; x_wconf 86' lang='lat' dir='ltr'><strong>Varsoviae</strong></span> <span class='ocrx_word' id='word_1_45' title='bbox 348 1945 423 1997; x_wconf 84' lang='grc'>1811.</span> <span class='ocrx_word' id='word_1_46' title='bbox 444 1947 474 1997; x_wconf 88' lang='lat'><strong>8⁰</strong></span> <span class='ocrx_word' id='word_1_47' title='bbox 485 1961 521 1997; x_wconf 92' lang='lat' dir='ltr'><strong>m.</strong></span> <span class='ocrx_word' id='word_1_48' title='bbox 545 1943 688 2011; x_wconf 78' lang='lat' dir='ltr'><strong>(Beroiini,</strong></span> <span class='ocrx_word' id='word_1_49' title='bbox 707 1941 833 2007; x_wconf 83' lang='lat' dir='ltr'><strong>Mittler.)</strong></span> <span class='ocrx_word' id='word_1_50' title='bbox 854 1973 890 1982; x_wconf 95' lang='lat'>—</span> <span class='ocrx_word' id='word_1_51' title='bbox 906 1943 1050 2008; x_wconf 85' lang='lat' dir='ltr'><strong>Reuter‚</strong></span> <span class='ocrx_word' id='word_1_52' title='bbox 1070 1944 1103 1997; x_wconf 88' lang='lat' dir='ltr'><strong>F.</strong></span> <span class='ocrx_word' id='word_1_53' title='bbox 1123 1943 1149 1999; x_wconf 83' lang='lat' dir='ltr'><strong>J.</strong></span> <span class='ocrx_word' id='word_1_54' title='bbox 1169 1943 1207 1997; x_wconf 91' lang='lat' dir='ltr'><strong>H.</strong></span> <span class='ocrx_word' id='word_1_55' title='bbox 1228 1942 1262 1996; x_wconf 91' lang='lat' dir='ltr'><strong>de</strong></span> <span class='ocrx_word' id='word_1_56' title='bbox 1279 1943 1337 1997; x_wconf 89' lang='lat' dir='ltr'><strong>Ae·</strong></span> <span class='ocrx_word' id='word_1_57' title='bbox 1403 2013 1406 2018; x_wconf 15' lang='grc' dir='ltr'><strong><em>μ</em></strong></span> 
     </span>
     <span class='ocr_line' id='line_1_8' title="bbox 182 2027 1336 2101; baseline -0.001 -18"><span class='ocrx_word' id='word_1_58' title='bbox 182 2030 293 2100; x_wconf 91' lang='lat' dir='ltr'><strong>schylo,</strong></span> <span class='ocrx_word' id='word_1_59' title='bbox 322 2028 455 2101; x_wconf 87' lang='lat' dir='ltr'><strong>Sophocle</strong></span> <span class='ocrx_word' id='word_1_60' title='bbox 483 2036 511 2083; x_wconf 85' lang='lat' dir='ltr'><strong>et</strong></span> <span class='ocrx_word' id='word_1_61' title='bbox 528 2028 662 2099; x_wconf 85' lang='lat' dir='ltr'><strong>Euripide</strong></span> <span class='ocrx_word' id='word_1_62' title='bbox 679 2027 768 2099; x_wconf 86' lang='lat' dir='ltr'><strong>poetis</strong></span> <span class='ocrx_word' id='word_1_63' title='bbox 785 2027 911 2097; x_wconf 82' lang='lat' dir='ltr'><strong>tragicis,</strong></span> <span class='ocrx_word' id='word_1_64' title='bbox 937 2034 1070 2097; x_wconf 88' lang='lat' dir='ltr'><strong>quatenus</strong></span> <span class='ocrx_word' id='word_1_65' title='bbox 1093 2029 1165 2083; x_wconf 90' lang='lat' dir='ltr'><strong>inter</strong></span> <span class='ocrx_word' id='word_1_66' title='bbox 1183 2046 1213 2082; x_wconf 90' lang='lat' dir='ltr'><strong>se</strong></span> <span class='ocrx_word' id='word_1_67' title='bbox 1236 2029 1336 2082; x_wconf 85' lang='lat' dir='ltr'><strong>diversi</strong></span> 
     </span>
     <span class='ocr_line' id='line_1_9' title="bbox 181 2113 1358 2185; baseline -0.001 -16"><span class='ocrx_word' id='word_1_68' title='bbox 181 2133 258 2170; x_wconf 89' lang='lat' dir='ltr'><strong>suam</strong></span> <span class='ocrx_word' id='word_1_69' title='bbox 281 2115 394 2185; x_wconf 89' lang='lat' dir='ltr'><strong>quisque</strong></span> <span class='ocrx_word' id='word_1_70' title='bbox 416 2121 535 2169; x_wconf 85' lang='lat' dir='ltr'><strong>aetatem</strong></span> <span class='ocrx_word' id='word_1_71' title='bbox 558 2113 731 2178; x_wconf 86' lang='lat' dir='ltr'><strong>effinxerint,</strong></span> <span class='ocrx_word' id='word_1_72' title='bbox 761 2113 924 2167; x_wconf 85' lang='lat' dir='ltr'><strong>dissertatio.</strong></span> <span class='ocrx_word' id='word_1_73' title='bbox 950 2114 1048 2182; x_wconf 87' lang='lat' dir='ltr'><strong>Progr.</strong></span> <span class='ocrx_word' id='word_1_74' title='bbox 1074 2130 1168 2185; x_wconf 88' lang='lat' dir='ltr'><strong>gymn.</strong></span> <span class='ocrx_word' id='word_1_75' title='bbox 1193 2115 1358 2184; x_wconf 80' lang='lat' dir='ltr'><strong>Augustae.</strong></span> 
     </span>
     <span class='ocr_line' id='line_1_10' title="bbox 181 2202 544 2272; baseline -0.014 -15"><span class='ocrx_word' id='word_1_76' title='bbox 181 2202 289 2256; x_wconf 87' lang='lat' dir='ltr'><strong>Vindel.</strong></span> <span class='ocrx_word' id='word_1_77' title='bbox 311 2203 386 2254; x_wconf 87' lang='grc'>1831.</span> <span class='ocrx_word' id='word_1_78' title='bbox 407 2204 432 2255; x_wconf 82' lang='lat'><strong>4.</strong></span> <span class='ocrx_word' id='word_1_79' title='bbox 454 2203 486 2254; x_wconf 84' lang='lat'><strong>32</strong></span> <span class='ocrx_word' id='word_1_80' title='bbox 498 2218 544 2272; x_wconf 90' lang='lat' dir='ltr'><strong>pp.</strong></span> 
     </span>
    </p>
   </div>
   <div class='ocr_carea' id='block_1_6' title="bbox 95 2285 1434 3707">
    <p class='ocr_par' dir='ltr' id='par_1_6' title="bbox 147 2285 1337 2575">
     <span class='ocr_line' id='line_1_11' title="bbox 235 2285 1337 2371; baseline 0 -19"><span class='ocrx_word' id='word_1_81' title='bbox 235 2294 263 2354; x_wconf 91' lang='lat'><strong>1.</strong></span> <span class='ocrx_word' id='word_1_82' title='bbox 288 2297 494 2362; x_wconf 78' lang='lat' dir='ltr'><strong>Ascherson,</strong></span> <span class='ocrx_word' id='word_1_83' title='bbox 517 2285 752 2352; x_wconf 84' lang='lat' dir='ltr'><strong>Ferdinandus.</strong></span> <span class='ocrx_word' id='word_1_84' title='bbox 778 2285 818 2351; x_wconf 90' lang='lat' dir='ltr'><strong>de</strong></span> <span class='ocrx_word' id='word_1_85' title='bbox 833 2286 954 2370; x_wconf 86' lang='lat' dir='ltr'><strong>parodo</strong></span> <span class='ocrx_word' id='word_1_86' title='bbox 970 2293 1002 2353; x_wconf 92' lang='lat' dir='ltr'><strong>et</strong></span> <span class='ocrx_word' id='word_1_87' title='bbox 1017 2286 1190 2371; x_wconf 80' lang='lat' dir='ltr'><strong>opiparodo</strong></span> <span class='ocrx_word' id='word_1_88' title='bbox 1206 2293 1337 2370; x_wconf 85' lang='lat' dir='ltr'><strong>tragoe-</strong></span> 
     </span>
     <span class='ocr_line' id='line_1_12' title="bbox 147 2389 1334 2474; baseline -0.003 -17"><span class='ocrx_word' id='word_1_89' title='bbox 147 2392 272 2457; x_wconf 87' lang='lat' dir='ltr'><strong>diarum</strong></span> <span class='ocrx_word' id='word_1_90' title='bbox 295 2391 502 2456; x_wconf 79' lang='lat' dir='ltr'><strong>Graeoarum.</strong></span> <span class='ocrx_word' id='word_1_91' title='bbox 535 2389 820 2456; x_wconf 69' lang='lat' dir='ltr'><strong>commentationis</strong></span> <span class='ocrx_word' id='word_1_92' title='bbox 843 2389 986 2474; x_wconf 84' lang='lat' dir='ltr'><strong>praemio</strong></span> <span class='ocrx_word' id='word_1_93' title='bbox 1008 2395 1141 2455; x_wconf 86' lang='lat' dir='ltr'><strong>ornatae</strong></span> <span class='ocrx_word' id='word_1_94' title='bbox 1163 2389 1334 2474; x_wconf 90' lang='lat' dir='ltr'><strong>particula.</strong></span> 
     </span>
     <span class='ocr_line' id='line_1_13' title="bbox 147 2493 757 2575; baseline -0.008 -15"><span class='ocrx_word' id='word_1_95' title='bbox 147 2495 408 2560; x_wconf 82' lang='lat' dir='ltr'><strong>Beroliui1856.</strong></span> <span class='ocrx_word' id='word_1_96' title='bbox 439 2493 631 2575; x_wconf 79' lang='lat' dir='ltr'><strong>(Gaertner).</strong></span> <span class='ocrx_word' id='word_1_97' title='bbox 666 2493 699 2556; x_wconf 82' lang='lat'><strong>8⁰</strong></span> <span class='ocrx_word' id='word_1_98' title='bbox 713 2513 757 2557; x_wconf 88' lang='lat' dir='ltr'><strong>m.</strong></span> 
     </span>
    </p>

    <p class='ocr_par' dir='ltr' id='par_1_7' title="bbox 146 2593 1337 2782">
     <span class='ocr_line' id='line_1_14' title="bbox 236 2593 1337 2680; baseline 0.001 -20"><span class='ocrx_word' id='word_1_99' title='bbox 236 2593 279 2660; x_wconf 67' lang='lat' dir='ltr'><strong>1b.</strong></span> <span class='ocrx_word' id='word_1_100' title='bbox 304 2596 429 2677; x_wconf 86' lang='lat' dir='ltr'><strong>idem,</strong></span> <span class='ocrx_word' id='word_1_101' title='bbox 462 2595 599 2661; x_wconf 88' lang='lat' dir='ltr'><strong>umrisse</strong></span> <span class='ocrx_word' id='word_1_102' title='bbox 628 2595 686 2660; x_wconf 87' lang='lat' dir='ltr'><strong>der</strong></span> <span class='ocrx_word' id='word_1_103' title='bbox 714 2594 906 2680; x_wconf 87' lang='lat' dir='ltr'><strong>gliederung</strong></span> <span class='ocrx_word' id='word_1_104' title='bbox 934 2594 992 2660; x_wconf 94' lang='lat' dir='ltr'><strong>des</strong></span> <span class='ocrx_word' id='word_1_105' title='bbox 1015 2593 1238 2678; x_wconf 87' lang='lat' dir='ltr'><strong>griechischen</strong></span> <span class='ocrx_word' id='word_1_106' title='bbox 1260 2596 1337 2661; x_wconf 90' lang='lat' dir='ltr'><strong>dra-</strong></span> 
     </span>
     <span class='ocr_line' id='line_1_15' title="bbox 146 2698 733 2782; baseline 0 -19"><span class='ocrx_word' id='word_1_107' title='bbox 146 2717 229 2764; x_wconf 89' lang='lat' dir='ltr'><strong>mas.</strong></span> <span class='ocrx_word' id='word_1_108' title='bbox 254 2698 397 2782; x_wconf 85' lang='lat' dir='ltr'><strong>Lipsiae,</strong></span> <span class='ocrx_word' id='word_1_109' title='bbox 427 2699 520 2763; x_wconf 85' lang='lat'><strong>1862.</strong></span> <span class='ocrx_word' id='word_1_110' title='bbox 551 2699 733 2782; x_wconf 81' lang='lat' dir='ltr'><strong>(Teubner.)</strong></span> 
     </span>
    </p>

    <p class='ocr_par' dir='ltr' id='par_1_8' title="bbox 146 2797 1434 3001">
     <span class='ocr_line' id='line_1_16' title="bbox 236 2797 1338 2884; baseline 0.002 -20"><span class='ocrx_word' id='word_1_111' title='bbox 236 2805 277 2865; x_wconf 76' lang='lat'><strong>1⁰.</strong></span> <span class='ocrx_word' id='word_1_112' title='bbox 302 2809 487 2874; x_wconf 77' lang='lat' dir='ltr'><strong>Borechke,</strong></span> <span class='ocrx_word' id='word_1_113' title='bbox 503 2801 661 2867; x_wconf 88' lang='lat' dir='ltr'><strong>Andreas.</strong></span> <span class='ocrx_word' id='word_1_114' title='bbox 680 2797 878 2884; x_wconf 82' lang='lat' dir='ltr'><strong>‘Aeschylus</strong></span> <span class='ocrx_word' id='word_1_115' title='bbox 892 2799 960 2865; x_wconf 90' lang='lat' dir='ltr'><strong>und</strong></span> <span class='ocrx_word' id='word_1_116' title='bbox 975 2797 1083 2884; x_wconf 71' lang='lat' dir='ltr'><strong>Soph?</strong></span> <span class='ocrx_word' id='word_1_117' title='bbox 1110 2801 1192 2866; x_wconf 83' lang='lat' dir='ltr'><strong>Eine</strong></span> <span class='ocrx_word' id='word_1_118' title='bbox 1208 2801 1338 2866; x_wconf 86' lang='lat' dir='ltr'><strong>drama-</strong></span> 
     </span>
     <span class='ocr_line' id='line_1_17' title="bbox 146 2901 1434 3001; baseline -0.005 -30"><span class='ocrx_word' id='word_1_119' title='bbox 146 2905 249 2971; x_wconf 87' lang='lat' dir='ltr'><strong>tische</strong></span> <span class='ocrx_word' id='word_1_120' title='bbox 280 2903 408 2975; x_wconf 71' lang='lat' dir='ltr'><strong>studio?</strong></span> <span class='ocrx_word' id='word_1_121' title='bbox 434 2904 546 2986; x_wconf 88' lang='lat' dir='ltr'><strong>Progr.</strong></span> <span class='ocrx_word' id='word_1_122' title='bbox 578 2923 688 2989; x_wconf 79' lang='lat' dir='ltr'><strong>gymn.</strong></span> <span class='ocrx_word' id='word_1_123' title='bbox 725 2904 773 2988; x_wconf 83' lang='lat' dir='ltr'><strong>[uu</strong></span> <span class='ocrx_word' id='word_1_124' title='bbox 802 2902 865 2968; x_wconf 89' lang='lat' dir='ltr'><strong>den</strong></span> <span class='ocrx_word' id='word_1_125' title='bbox 888 2901 1066 2989; x_wconf 79' lang='lat' dir='ltr'><strong>Schotten).</strong></span> <span class='ocrx_word' id='word_1_126' title='bbox 1105 2904 1211 2988; x_wconf 87' lang='lat' dir='ltr'><strong>Wien,</strong></span> <span class='ocrx_word' id='word_1_127' title='bbox 1241 2905 1334 2968; x_wconf 79' lang='lat'><strong>1872.</strong></span> <span class='ocrx_word' id='word_1_128' title='bbox 1429 2992 1434 3001; x_wconf 25' lang='grc' dir='ltr'>ι</span> 
     </span>
    </p>

    <p class='ocr_par' dir='ltr' id='par_1_9' title="bbox 95 3091 1339 3296">
     <span class='ocr_line' id='line_1_18' title="bbox 189 3091 1339 3194; baseline 0.003 -21"><span class='ocrx_word' id='word_1_129' title='bbox 189 3091 193 3100; x_wconf 67' lang='grc'><strong>’</strong></span> <span class='ocrx_word' id='word_1_130' title='bbox 234 3112 266 3173; x_wconf 79' lang='lat'><strong>2.</strong></span> <span class='ocrx_word' id='word_1_131' title='bbox 296 3115 526 3181; x_wconf 74' lang='lat' dir='ltr'><strong>Friederichs,</strong></span> <span class='ocrx_word' id='word_1_132' title='bbox 559 3107 595 3174; x_wconf 79' lang='grc'>6.</span> <span class='ocrx_word' id='word_1_133' title='bbox 644 3105 767 3174; x_wconf 83' lang='lat' dir='ltr'><strong>Chorus</strong></span> <span class='ocrx_word' id='word_1_134' title='bbox 795 3107 989 3194; x_wconf 81' lang='lat' dir='ltr'><strong>Euripideus</strong></span> <span class='ocrx_word' id='word_1_135' title='bbox 1024 3116 1231 3194; x_wconf 87' lang='lat' dir='ltr'><strong>comparatus</strong></span> <span class='ocrx_word' id='word_1_136' title='bbox 1266 3130 1339 3176; x_wconf 89' lang='lat' dir='ltr'><strong>oum</strong></span> 
     </span>
     <span class='ocr_line' id='line_1_19' title="bbox 95 3210 1049 3296; baseline 0 -20"><span class='ocrx_word' id='word_1_137' title='bbox 95 3291 96 3295; x_wconf 7' lang='grc' dir='ltr'><strong>Ἰ</strong></span> <span class='ocrx_word' id='word_1_138' title='bbox 148 3210 389 3296; x_wconf 86' lang='lat' dir='ltr'><strong>Sophocleo.</strong></span> <span class='ocrx_word' id='word_1_139' title='bbox 414 3213 593 3294; x_wconf 84' lang='lat' dir='ltr'><strong>Erlangae,</strong></span> <span class='ocrx_word' id='word_1_140' title='bbox 622 3212 715 3275; x_wconf 86' lang='lat'><strong>1853.</strong></span> <span class='ocrx_word' id='word_1_141' title='bbox 747 3210 931 3295; x_wconf 80' lang='lat' dir='ltr'><strong>(Deiohert).</strong></span> <span class='ocrx_word' id='word_1_142' title='bbox 959 3213 992 3276; x_wconf 85' lang='lat'><strong>8⁰</strong></span> <span class='ocrx_word' id='word_1_143' title='bbox 1007 3232 1049 3276; x_wconf 91' lang='lat' dir='ltr'><strong>m.</strong></span> 
     </span>
    </p>

    <p class='ocr_par' dir='ltr' id='par_1_10' title="bbox 148 3312 1340 3503">
     <span class='ocr_line' id='line_1_20' title="bbox 234 3312 1340 3400; baseline 0.004 -21"><span class='ocrx_word' id='word_1_144' title='bbox 234 3317 265 3379; x_wconf 88' lang='lat'><strong>3.</strong></span> <span class='ocrx_word' id='word_1_145' title='bbox 290 3323 468 3391; x_wconf 75' lang='lat' dir='ltr'><strong>Homung.</strong></span> <span class='ocrx_word' id='word_1_146' title='bbox 505 3314 545 3380; x_wconf 87' lang='lat' dir='ltr'><strong>de</strong></span> <span class='ocrx_word' id='word_1_147' title='bbox 567 3312 749 3380; x_wconf 88' lang='lat' dir='ltr'><strong>nuntiorum</strong></span> <span class='ocrx_word' id='word_1_148' title='bbox 775 3313 811 3379; x_wconf 89' lang='lat' dir='ltr'><strong>in</strong></span> <span class='ocrx_word' id='word_1_149' title='bbox 840 3314 1015 3398; x_wconf 85' lang='lat' dir='ltr'><strong>tragoediis</strong></span> <span class='ocrx_word' id='word_1_150' title='bbox 1037 3314 1171 3381; x_wconf 77' lang='lat' dir='ltr'><strong>Graecis</strong></span> <span class='ocrx_word' id='word_1_151' title='bbox 1193 3316 1340 3400; x_wconf 87' lang='lat' dir='ltr'><strong>personis</strong></span> 
     </span>
     <span class='ocr_line' id='line_1_21' title="bbox 148 3415 1119 3503; baseline 0.001 -21"><span class='ocrx_word' id='word_1_152' title='bbox 148 3423 181 3483; x_wconf 87' lang='lat' dir='ltr'><strong>et</strong></span> <span class='ocrx_word' id='word_1_153' title='bbox 202 3417 452 3484; x_wconf 88' lang='lat' dir='ltr'><strong>narrationibus.</strong></span> <span class='ocrx_word' id='word_1_154' title='bbox 477 3415 839 3501; x_wconf 80' lang='lat' dir='ltr'><strong>Brandenburgi1869.</strong></span> <span class='ocrx_word' id='word_1_155' title='bbox 870 3419 982 3502; x_wconf 87' lang='lat' dir='ltr'><strong>Progr.</strong></span> <span class='ocrx_word' id='word_1_156' title='bbox 1007 3438 1119 3503; x_wconf 89' lang='lat' dir='ltr'><strong>gymn.</strong></span> 
     </span>
    </p>

    <p class='ocr_par' dir='ltr' id='par_1_11' title="bbox 147 3519 1340 3707">
     <span class='ocr_line' id='line_1_22' title="bbox 234 3519 1340 3605; baseline 0.002 -21"><span class='ocrx_word' id='word_1_157' title='bbox 234 3525 265 3584; x_wconf 84' lang='lat'><strong>4.</strong></span> <span class='ocrx_word' id='word_1_158' title='bbox 297 3529 413 3597; x_wconf 79' lang='lat' dir='ltr'><strong>Kook,</strong></span> <span class='ocrx_word' id='word_1_159' title='bbox 446 3519 603 3586; x_wconf 90' lang='lat' dir='ltr'><strong>Theodor.</strong></span> <span class='ocrx_word' id='word_1_160' title='bbox 639 3520 740 3585; x_wconf 80' lang='lat' dir='ltr'><strong>uehar</strong></span> <span class='ocrx_word' id='word_1_161' title='bbox 771 3520 824 3586; x_wconf 91' lang='lat' dir='ltr'><strong>die</strong></span> <span class='ocrx_word' id='word_1_162' title='bbox 845 3521 984 3605; x_wconf 84' lang='lat' dir='ltr'><strong>parodos</strong></span> <span class='ocrx_word' id='word_1_163' title='bbox 1025 3520 1083 3586; x_wconf 88' lang='lat' dir='ltr'><strong>der</strong></span> <span class='ocrx_word' id='word_1_164' title='bbox 1115 3519 1340 3604; x_wconf 88' lang='lat' dir='ltr'><strong>griechischen</strong></span> 
     </span>
     <span class='ocr_line' id='line_1_23' title="bbox 147 3621 1192 3707; baseline -0.001 -19"><span class='ocrx_word' id='word_1_165' title='bbox 147 3623 325 3706; x_wconf 84' lang='lat' dir='ltr'><strong>tragoedis.</strong></span> <span class='ocrx_word' id='word_1_166' title='bbox 372 3624 441 3688; x_wconf 92' lang='lat' dir='ltr'><strong>In.:</strong></span> <span class='ocrx_word' id='word_1_167' title='bbox 466 3621 600 3688; x_wconf 86' lang='lat' dir='ltr'><strong>Jahrbb.</strong></span> <span class='ocrx_word' id='word_1_168' title='bbox 626 3621 679 3687; x_wconf 81' lang='lat' dir='ltr'><strong>ihr</strong></span> <span class='ocrx_word' id='word_1_169' title='bbox 699 3622 816 3688; x_wconf 91' lang='lat' dir='ltr'><strong>Philol.</strong></span> <span class='ocrx_word' id='word_1_170' title='bbox 841 3627 891 3686; x_wconf 84' lang='lat'><strong>75.</strong></span> <span class='ocrx_word' id='word_1_171' title='bbox 924 3623 1043 3707; x_wconf 74' lang='grc'>(1857.)</span> <span class='ocrx_word' id='word_1_172' title='bbox 1077 3622 1192 3688; x_wconf 69' lang='lat' dir='ltr'><strong>suast.</strong></span> 
     </span>
    </p>
   </div>
   <div class='ocr_carea' id='block_1_7' title="bbox 183 3722 1340 4138">
    <p class='ocr_par' dir='ltr' id='par_1_12' title="bbox 183 3722 1340 4138">
     <span class='ocr_line' id='line_1_24' title="bbox 253 3722 1339 3796; baseline -0.002 -15"><span class='ocrx_word' id='word_1_173' title='bbox 253 3723 331 3782; x_wconf 85' lang='lat' dir='ltr'><strong>Quae</strong></span> <span class='ocrx_word' id='word_1_174' title='bbox 349 3725 541 3778; x_wconf 90' lang='lat' dir='ltr'><strong>commentatio</strong></span> <span class='ocrx_word' id='word_1_175' title='bbox 560 3741 623 3778; x_wconf 91' lang='lat' dir='ltr'><strong>cum</strong></span> <span class='ocrx_word' id='word_1_176' title='bbox 641 3724 770 3779; x_wconf 86' lang='lat' dir='ltr'><strong>adversus</strong></span> <span class='ocrx_word' id='word_1_177' title='bbox 787 3725 820 3779; x_wconf 88' lang='lat' dir='ltr'><strong>F.</strong></span> <span class='ocrx_word' id='word_1_178' title='bbox 834 3725 1015 3781; x_wconf 85' lang='lat' dir='ltr'><strong>Aschersonis</strong></span> <span class='ocrx_word' id='word_1_179' title='bbox 1032 3723 1156 3780; x_wconf 90' lang='lat' dir='ltr'><strong>libellum</strong></span> <span class='ocrx_word' id='word_1_180' title='bbox 1171 3722 1217 3778; x_wconf 81' lang='lat' dir='ltr'><strong>‘de</strong></span> <span class='ocrx_word' id='word_1_181' title='bbox 1235 3725 1339 3796; x_wconf 90' lang='lat' dir='ltr'><strong>parodo</strong></span> 
     </span>
     <span class='ocr_line' id='line_1_25' title="bbox 183 3806 1340 3882; baseline 0.003 -20"><span class='ocrx_word' id='word_1_182' title='bbox 183 3816 211 3862; x_wconf 89' lang='lat' dir='ltr'><strong>et</strong></span> <span class='ocrx_word' id='word_1_183' title='bbox 234 3806 391 3880; x_wconf 75' lang='lat' dir='ltr'><strong>epiparodo’</strong></span> <span class='ocrx_word' id='word_1_184' title='bbox 416 3827 499 3881; x_wconf 88' lang='lat' dir='ltr'><strong>supra</strong></span> <span class='ocrx_word' id='word_1_185' title='bbox 524 3813 574 3876; x_wconf 87' lang='lat' dir='ltr'><strong>(nr.</strong></span> <span class='ocrx_word' id='word_1_186' title='bbox 592 3812 627 3875; x_wconf 91' lang='grc'><strong>1.)</strong></span> <span class='ocrx_word' id='word_1_187' title='bbox 654 3810 805 3864; x_wconf 92' lang='lat' dir='ltr'><strong>iudicatum</strong></span> <span class='ocrx_word' id='word_1_188' title='bbox 830 3812 930 3882; x_wconf 87' lang='lat' dir='ltr'><strong>scripta</strong></span> <span class='ocrx_word' id='word_1_189' title='bbox 952 3817 1040 3876; x_wconf 88' lang='lat' dir='ltr'><strong>esset,</strong></span> <span class='ocrx_word' id='word_1_190' title='bbox 1066 3810 1227 3882; x_wconf 87' lang='lat' dir='ltr'><strong>impugnata</strong></span> <span class='ocrx_word' id='word_1_191' title='bbox 1245 3818 1287 3865; x_wconf 88' lang='lat' dir='ltr'><strong>est</strong></span> <span class='ocrx_word' id='word_1_192' title='bbox 1305 3811 1340 3865; x_wconf 88' lang='lat' dir='ltr'><strong>ab</strong></span> 
     </span>
     <span class='ocr_line' id='line_1_26' title="bbox 183 3891 1340 3967; baseline 0.002 -19"><span class='ocrx_word' id='word_1_193' title='bbox 183 3895 243 3967; x_wconf 90' lang='lat' dir='ltr'><strong>ipso</strong></span> <span class='ocrx_word' id='word_1_194' title='bbox 255 3896 426 3949; x_wconf 87' lang='lat' dir='ltr'><strong>Aschersone</strong></span> <span class='ocrx_word' id='word_1_195' title='bbox 441 3891 496 3950; x_wconf 83' lang='lat' dir='ltr'><strong>‘die</strong></span> <span class='ocrx_word' id='word_1_196' title='bbox 513 3895 631 3965; x_wconf 88' lang='lat' dir='ltr'><strong>parodos</strong></span> <span class='ocrx_word' id='word_1_197' title='bbox 648 3896 708 3950; x_wconf 90' lang='lat' dir='ltr'><strong>und</strong></span> <span class='ocrx_word' id='word_1_198' title='bbox 725 3897 888 3967; x_wconf 88' lang='lat' dir='ltr'><strong>epiparodos</strong></span> <span class='ocrx_word' id='word_1_199' title='bbox 907 3898 935 3950; x_wconf 92' lang='lat' dir='ltr'><strong>in</strong></span> <span class='ocrx_word' id='word_1_200' title='bbox 954 3896 1008 3951; x_wconf 92' lang='lat' dir='ltr'><strong>deu</strong></span> <span class='ocrx_word' id='word_1_201' title='bbox 1024 3895 1212 3965; x_wconf 86' lang='lat' dir='ltr'><strong>griechischen</strong></span> <span class='ocrx_word' id='word_1_202' title='bbox 1230 3903 1340 3965; x_wconf 89' lang='lat' dir='ltr'><strong>tragoe-</strong></span> 
     </span>
     <span class='ocr_line' id='line_1_27' title="bbox 183 3977 1340 4054; baseline 0.002 -20"><span class='ocrx_word' id='word_1_203' title='bbox 183 3980 256 4035; x_wconf 91' lang='lat' dir='ltr'><strong>dien.</strong></span> <span class='ocrx_word' id='word_1_204' title='bbox 294 3980 355 4035; x_wconf 88' lang='lat' dir='ltr'><strong>eine</strong></span> <span class='ocrx_word' id='word_1_205' title='bbox 379 3979 486 4034; x_wconf 87' lang='lat' dir='ltr'><strong>abwehr</strong></span> <span class='ocrx_word' id='word_1_206' title='bbox 512 3997 601 4050; x_wconf 90' lang='lat' dir='ltr'><strong>gegeu</strong></span> <span class='ocrx_word' id='word_1_207' title='bbox 630 3981 733 4036; x_wconf 86' lang='lat' dir='ltr'><strong>Theod.</strong></span> <span class='ocrx_word' id='word_1_208' title='bbox 758 3979 858 4038; x_wconf 66' lang='lat' dir='ltr'><strong>Koch?</strong></span> <span class='ocrx_word' id='word_1_209' title='bbox 895 3982 1051 4054; x_wconf 88' lang='lat' dir='ltr'><strong>Respondit</strong></span> <span class='ocrx_word' id='word_1_210' title='bbox 1073 3983 1156 4036; x_wconf 83' lang='lat' dir='ltr'><strong>Asch.</strong></span> <span class='ocrx_word' id='word_1_211' title='bbox 1187 3982 1216 4034; x_wconf 92' lang='lat' dir='ltr'><strong>iu</strong></span> <span class='ocrx_word' id='word_1_212' title='bbox 1238 3977 1340 4036; x_wconf 73' lang='lat' dir='ltr'><strong>‘erkla-</strong></span> 
     </span>
     <span class='ocr_line' id='line_1_28' title="bbox 184 4061 1262 4138; baseline 0.003 -20"><span class='ocrx_word' id='word_1_213' title='bbox 184 4082 256 4134; x_wconf 88' lang='lat' dir='ltr'><strong>rung</strong></span> <span class='ocrx_word' id='word_1_214' title='bbox 272 4083 327 4120; x_wconf 79' lang='lat' dir='ltr'><strong>von</strong></span> <span class='ocrx_word' id='word_1_215' title='bbox 344 4064 377 4118; x_wconf 94' lang='lat' dir='ltr'><strong>F.</strong></span> <span class='ocrx_word' id='word_1_216' title='bbox 397 4061 489 4118; x_wconf 83' lang='lat' dir='ltr'><strong>Asch&#39;</strong></span> <span class='ocrx_word' id='word_1_217' title='bbox 508 4066 538 4119; x_wconf 92' lang='lat' dir='ltr'><strong>in</strong></span> <span class='ocrx_word' id='word_1_218' title='bbox 556 4066 669 4120; x_wconf 86' lang='lat' dir='ltr'><strong>Jahrbb.</strong></span> <span class='ocrx_word' id='word_1_219' title='bbox 690 4067 736 4120; x_wconf 76' lang='lat' dir='ltr'><strong>fur</strong></span> <span class='ocrx_word' id='word_1_220' title='bbox 753 4067 852 4122; x_wconf 93' lang='lat' dir='ltr'><strong>Philol.</strong></span> <span class='ocrx_word' id='word_1_221' title='bbox 872 4071 915 4122; x_wconf 81' lang='grc'>75.</span> <span class='ocrx_word' id='word_1_222' title='bbox 940 4070 1036 4134; x_wconf 83' lang='grc'>(1857.)</span> <span class='ocrx_word' id='word_1_223' title='bbox 1056 4085 1083 4138; x_wconf 93' lang='lat' dir='ltr'><strong>p.</strong></span> <span class='ocrx_word' id='word_1_224' title='bbox 1104 4070 1262 4121; x_wconf 84' lang='grc'>660-664.</span> 
     </span>
    </p>
   </div>
   <div class='ocr_carea' id='block_1_8' title="bbox 108 4151 1342 4342">
    <p class='ocr_par' dir='ltr' id='par_1_13' title="bbox 108 4151 1342 4342">
     <span class='ocr_line' id='line_1_29' title="bbox 108 4151 1342 4239; baseline 0.004 -25"><span class='ocrx_word' id='word_1_225' title='bbox 108 4220 111 4226; x_wconf 62' lang='grc'><em>,</em></span> <span class='ocrx_word' id='word_1_226' title='bbox 234 4156 265 4217; x_wconf 86' lang='grc'>5.</span> <span class='ocrx_word' id='word_1_227' title='bbox 291 4159 391 4216; x_wconf 81' lang='lat' dir='ltr'><strong>Pfaff.</strong></span> <span class='ocrx_word' id='word_1_228' title='bbox 418 4151 482 4235; x_wconf 78' lang='lat' dir='ltr'><strong>wie</strong></span> <span class='ocrx_word' id='word_1_229' title='bbox 505 4151 683 4220; x_wconf 80' lang='lat' dir='ltr'><strong>habendis</strong></span> <span class='ocrx_word' id='word_1_230' title='bbox 701 4152 926 4238; x_wconf 84' lang='lat' dir='ltr'><strong>griechischen</strong></span> <span class='ocrx_word' id='word_1_231' title='bbox 948 4153 1093 4238; x_wconf 88' lang='lat' dir='ltr'><strong>tragiher</strong></span> <span class='ocrx_word' id='word_1_232' title='bbox 1115 4153 1168 4220; x_wconf 90' lang='lat' dir='ltr'><strong>die</strong></span> <span class='ocrx_word' id='word_1_233' title='bbox 1183 4172 1342 4239; x_wconf 89' lang='lat' dir='ltr'><strong>personeu</strong></span> 
     </span>
     <span class='ocr_line' id='line_1_30' title="bbox 146 4253 1231 4342; baseline 0.002 -22"><span class='ocrx_word' id='word_1_234' title='bbox 146 4253 316 4320; x_wconf 87' lang='lat' dir='ltr'><strong>kenntlich</strong></span> <span class='ocrx_word' id='word_1_235' title='bbox 338 4255 510 4338; x_wconf 70' lang='lat' dir='ltr'><strong>gemacht?</strong></span> <span class='ocrx_word' id='word_1_236' title='bbox 531 4257 641 4340; x_wconf 89' lang='lat' dir='ltr'><strong>Progr.</strong></span> <span class='ocrx_word' id='word_1_237' title='bbox 668 4276 778 4342; x_wconf 80' lang='lat' dir='ltr'><strong>gymn.</strong></span> <span class='ocrx_word' id='word_1_238' title='bbox 805 4255 1030 4323; x_wconf 84' lang='lat' dir='ltr'><strong>Schweinfurt.</strong></span> <span class='ocrx_word' id='word_1_239' title='bbox 1066 4258 1160 4322; x_wconf 90' lang='grc'>1866.</span> <span class='ocrx_word' id='word_1_240' title='bbox 1187 4261 1231 4322; x_wconf 81' lang='lat'><strong>4⁰.</strong></span> 
     </span>
    </p>
   </div>
   <div class='ocr_carea' id='block_1_9' title="bbox 178 4356 1133 4425">
    <p class='ocr_par' dir='ltr' id='par_1_14' title="bbox 178 4356 1133 4425">
     <span class='ocr_line' id='line_1_31' title="bbox 178 4356 1133 4425; baseline 0 -25"><span class='ocrx_word' id='word_1_241' title='bbox 178 4416 184 4425; x_wconf 33' lang='grc' dir='ltr'>ι</span> <span class='ocrx_word' id='word_1_242' title='bbox 198 4357 324 4408; x_wconf 75' lang='lat' dir='ltr'><strong>deutha,</strong></span> <span class='ocrx_word' id='word_1_243' title='bbox 342 4356 411 4399; x_wconf 83' lang='lat' dir='ltr'><strong>Index</strong></span> <span class='ocrx_word' id='word_1_244' title='bbox 423 4356 514 4409; x_wconf 81' lang='lat' dir='ltr'><strong>triplex·</strong></span> <span class='ocrx_word' id='word_1_245' title='bbox 1121 4361 1133 4411; x_wconf 90' lang='lat'>1</span> 
     </span>
    </p>
   </div>
   <div class='ocr_carea' id='block_1_10' title="bbox 0 0 1498 4830">
    <p class='ocr_par' dir='ltr' id='par_1_15' title="bbox 0 0 1498 4830">
     <span class='ocr_line' id='line_1_32' title="bbox 0 0 1498 4830; baseline 0 0"><span class='ocrx_word' id='word_1_246' title='bbox 0 0 1498 4830; x_wconf 95' lang='lat' dir='ltr'><strong> </strong></span> 
     </span>
    </p>
   </div>
  </div>
 </body>
</html>
