2978 4830
223 1492 511 1578 Hunnlnnns
540 1490 720 1575 anunm
746 1488 1018 1574 incubamus
1055 1490 1091 1573 S.
1119 1489 1158 1571 P.
1184 1488 1227 1570 b.

217 1967 323 2065 Quem
351 2004 493 2065 extremo
521 1997 617 2064 lexici
640 1996 808 2081 Sophoclei
830 1996 1028 2064 Ellendtiani
1057 1948 1225 2079 fasciculo,
1259 1994 1314 2079 qui

32 2148 35 2153 ·
134 2121 297 2207 superiore
312 2139 396 2185 anno
419 2119 524 2187 editus
547 2124 606 2201 est,
626 2117 851 2184 subiuncturus
881 2136 967 2182 eram
990 2124 1193 2202 conspectum
1227 2135 1314 2182 oom-

133 2241 364 2308 mentutionum
387 2240 427 2305 de
450 2238 619 2323 Sophoclis
642 2237 761 2304 fabulis
783 2237 1045 2321 conscriptarum,
1072 2257 1145 2304 ecce
1168 2236 1315 2320 singula-

132 2382 199 2428 rem
232 2362 349 2427 librum
378 2359 498 2425 factum
532 2365 565 2425 et
592 2379 676 2424 nunc
712 2357 842 2422 tandem
879 2357 965 2442 typis
994 2377 1158 2423 excusum.
1205 2356 1314 2438 Usque

133 2482 214 2548 adeo
236 2479 371 2547 materia
392 2479 507 2544 mirum
530 2484 682 2561 quantum
705 2482 799 2542 aucta
825 2497 898 2543 cum
928 2477 1116 2561 prohibebat
1145 2475 1313 2561 quominus

131 2601 221 2667 brevi
257 2600 410 2684 temporis
433 2599 537 2684 spatio
572 2599 771 2664 absolverem
802 2617 885 2682 quae
907 2596 1151 2679 incohaveram,
1184 2605 1252 2662 tum
1278 2602 1313 2661 ut

133 2727 288 2786 mutarem
311 2719 396 2802 quod
418 2719 459 2784 ab
481 2718 572 2785 initio
595 2723 723 2784 secutus
746 2737 834 2783 eram
857 2717 1025 2785 consilium
1040 2718 1183 2802 cogebat.
1230 2716 1314 2780 Nam

133 2842 175 2907 ab
197 2839 287 2905 initio
309 2839 344 2906 id
366 2845 489 2905 tuntum
512 2844 730 2922 spectaveram
752 2844 788 2904 ut
810 2857 918 2903 earum
942 2838 1241 2904 commentationum
1262 2835 1315 2901 vel

132 2959 483 3028 dissertatiunculurum
505 2978 589 3042 quae
610 2957 654 3024 ad
675 2958 763 3023 locos
785 2957 907 3041 passim
928 2957 962 3022 in
984 2957 1055 3042 ipso
1078 2958 1181 3023 lexico
1203 2955 1314 3022 alteris

133 3080 217 3146 curis
239 3101 260 3145 a
281 3099 333 3145 me
355 3079 441 3145 edito
463 3078 574 3163 paullo
603 3077 782 3144 accuratius
812 3083 965 3143 tractatos
991 3078 1207 3162 pertinerent,
1237 3074 1314 3159 quid

133 3219 346 3283 unaquaque
373 3198 605 3279 contineretur,
631 3218 728 3281 quam
750 3196 937 3264 brevissime
958 3197 1144 3264 indicarem.
1197 3196 1313 3262 Verum

134 3320 319 3387 enimvero
342 3339 413 3384 cum
436 3318 684 3399 intellexissem,
717 3324 795 3400 quot
824 3317 924 3383 libelli
946 3317 1166 3402 perutiles-ad
1188 3316 1315 3400 Sopho-

132 3440 193 3506 clis
215 3446 317 3505 artem
339 3437 509 3504 dictionem
532 3410 647 3504 sensus
670 3437 863 3522 explicanda
884 3437 1038 3522 incogniti
1059 3439 1212 3519 laterent,
1238 3441 1314 3518 quot

132 3559 303 3641 quotannis
332 3558 605 3625 conscriberentur
633 3558 680 3624 eis
710 3557 765 3641 qui
797 3557 831 3622 in
859 3557 972 3624 eodem
1008 3562 1194 3642 argumento
1227 3555 1315 3621 haud

133 3679 217 3744 male
245 3678 310 3744 iam
338 3677 458 3744 versati
486 3684 612 3761 essent,
648 3697 713 3744 non
741 3685 806 3744 tam
836 3678 992 3762 neglectis
1021 3697 1116 3760 quam
1145 3675 1311 3761 ignoratis,

132 3805 256 3864 mutata
290 3797 429 3863 instituti
466 3798 592 3864 ratione
628 3817 758 3882 operam
795 3797 869 3863 dedi
901 3805 937 3863 ut
972 3818 1082 3863 aarum
1119 3801 1314 3862 commenta-

133 3918 255 3983 tionum
285 3937 367 4001 quae
397 3917 437 3983 de
467 3902 625 4003 Sophocle
653 3919 694 3983 ab
725 3938 755 3982 a.
780 3917 1080 3984 MDOOCXXXVI.
1111 3916 1252 3982 maxime
1280 3915 1314 3980 in

131 4036 305 4103 Germania
344 4037 451 4103 editae
480 4043 587 4105 essent
615 4057 710 4120 quam
744 4037 1032 4122 locupletissimum
1068 4036 1205 4102 indicem
1235 4055 1315 4101 con-

130 4154 273 4238 ficerem,
306 4163 341 4222 ut
367 4156 401 4222 in
422 4176 486 4223 nnc
509 4156 603 4241 quasi
626 4164 800 4241 conspectu
822 4156 985 4225 videretur
1007 4156 1138 4240 quidet
1160 4162 1314 4239 quantum

129 4277 171 4342 ab
193 4295 232 4342 cc
254 4282 398 4362 tempore
420 4276 601 4363 Sophoclea
628 4254 735 4342 studia
764 4276 986 4361 profecissent.
1035 4276 1164 4355 Quare
1187 4283 1313 4360 gratum
1339 4264 1344 4273 ’
