2978 4830
434 311 458 355 1.
505 306 963 358 11111551111111101111.
1235 294 1271 354 17

81 499 164 562 qnae
187 481 222 545 in
243 482 350 547 verbis
373 502 444 546 oum
459 470 751 566 praepositionibus
767 480 950 566 compositis
966 479 1170 565 conspicitur.
1195 479 1272 546 Dis-

81 590 158 649 sert.
184 570 292 666 inaug.
319 584 577 649 Β515111111864.
604 586 648 648 8⁰.
680 585 720 647 37
735 605 791 669 pp.

184 703 212 756 p.
234 688 289 737 1-
297 688 337 739 12.
357 685 391 739 de
404 685 573 740 abundantia
585 693 613 740 51
624 686 747 739 ubertate
761 685 890 739 orationis
901 685 931 738 in
943 685 1106 739 universum.
1130 702 1157 756 p.
1169 686 1200 738 13
1210 701 1267 754 sqq.

115 773 149 825 de
167 773 293 826 ubertate
304 772 334 825 in
347 770 531 842 compluribus
542 772 619 824 iuxta
632 770 769 825 collocatis
781 769 920 825 vocabulis
932 769 1085 840 conspicua.
1105 788 1133 841 p.
1156 772 1263 833 15-22.

116 857 150 911 (15
167 855 307 911 vocabulis
331 857 498 928 compositis.
536 875 563 928 p.
584 859 616 909 22
630 873 687 927 sqq.
713 857 866 910 ubertatem
889 856 998 910 dicendi
1014 855 1201 928 perspicuitati
1223 854 1268 908 in-

117 943 215 996 servire
234 943 394 997 ostenditur.
430 961 457 1014 p.
473 945 505 995 25
518 960 575 1013 sqq.
596 943 630 995 de
647 943 736 996 verbis
754 960 816 996 cum
832 941 1077 1012 praepositionibus
1103 942 1268 1013 compositis.

220 1033 243 1095 a)
263 1029 428 1099 praepositio
445 1027 527 1100 plane
546 1027 667 1081 adverbii
684 1029 772 1082 instar
789 1027 899 1099 legitur.

97 1130 100 1135 ·
220 1114 247 1178 bl
263 1113 425 1185 praepositio
444 1115 563 1169 adverbii
582 1114 698 1185 speciem
716 1130 780 1185 prae
797 1131 826 1167 se
844 1113 910 1168 fert.

219 1204 242 1264 c)
263 1199 407 1270 singularis
425 1200 535 1270 quidam
553 1218 619 1253 usus
637 1198 807 1255 adverbialis.
1208 1273 1209 1276 Ἴ

219 1286 245 1350 d)
261 1286 411 1356 composita
427 1285 456 1339 in
480 1303 596 1356 quorum
613 1303 666 1339 usu
691 1293 820 1355 quattuor
837 1285 911 1339 modi
928 1285 1150 1339 demonstrantur
1173 1284 1270 1355 quibus

259 1370 475 1441 praepositiones
492 1371 727 1426 adverbiasoentes
746 1372 852 1442 copiose
870 1369 914 1426 vel
932 1388 993 1425 cum
1011 1371 1135 1426 ubertate
1153 1370 1270 1441 quadem

260 1456 449 1510 adhibeantur.

171 1547 243 1608 127.
275 1551 434 1617 Mueller,
473 1543 655 1610 Eduardus.
697 1543 796 1609 ueber
829 1541 1081 1628 Sophokleisohe
1118 1547 1272 1609 naturan-

82 1645 262 1730 sohauung.
299 1646 371 1711 eine
404 1645 866 1731 aesthetisoh-philologische
898 1645 1120 1729 abhandlung.
1156 1647 1267 1729 Progr.

81 1770 193 1834 gymn.
219 1748 484 1832 Liegnitz1842.
511 1753 554 1812 4⁰.
585 1750 624 1833 (J.
650 1750 703 1812 Fr.
723 1749 915 1835 Kohlmey.)

186 1870 212 1923 p.
236 1853 341 1903 1-14.
363 1851 443 1904 dere
462 1851 588 1905 universa
606 1851 768 1921 disputatur.
805 1869 832 1921 p.
855 1855 975 1904 15-25.
995 1869 1049 1922 quo
1063 1859 1176 1904 naturae
1189 1867 1271 1902 sensu

117 1935 242 2007 Sophocl.
263 1936 384 1990 imbutus
397 1936 481 1990 fuisse
493 1936 624 2000 videatur,
639 1953 673 1988 ex
683 1936 831 2005 tragoediis
844 1938 902 1991 eius
916 1938 1080 1991 ostenditur.
1104 1937 1191 1998 (Aiax.
1207 1934 1267 1988 ΟΒ.

118 2021 184 2086 OC.)
205 2051 241 2061 -
257 2039 286 2092 p.
307 2024 429 2075 25-34.
451 2021 622 2075 subiciuntur
640 2022 838 2075 adnotationes.

170 2109 241 2172 128.
267 2116 488 2182 schambach,
512 2108 657 2174 Carolus.
698 2108 795 2193 Soph.
822 2129 887 2191 qna
907 2109 1030 2181 ratione
1043 2108 1270 2175 vocabulorum

82 2210 332 2294 significationes
343 2217 445 2276 mutet
459 2218 556 2293 atque
571 2212 684 2277 variat.
703 2211 841 2278 Dissert.
854 2211 964 2295 inaug.
984 2211 1157 2293 Gottingae
1175 2212 1272 2274 1867.
1309 2261 1312 2265 .

87 2314 241 2396 [Berolini
263 2333 316 2398 ap.
343 2314 508 2400 Calvary.)
537 2317 581 2379 8⁰.
608 2318 647 2379 56
663 2335 717 2399 pp.

185 2434 213 2487 p.
236 2418 338 2468 l-ll.
365 2416 399 2470 (15
422 2433 453 2470 15
476 2418 535 2487 ipsa
559 2423 586 2470 51
610 2417 736 2471 dictionis
755 2416 916 2488 Sophocliae
938 2417 1103 2491 proprietate
1122 2415 1271 2486 generatim

117 2503 221 2570 agitur:
243 2501 371 2572 deinceps
390 2504 402 2570 5
424 2505 446 2556 1.
469 2506 493 2555 2.
514 2503 548 2557 de
567 2519 698 2572 generum
716 2503 791 2558 verbi
809 2521 870 2557 usu.
908 2504 921 2570 1
941 2507 964 2556 3.
986 2503 1020 2557 (15
1038 2503 1126 2557 55111ο
1144 2519 1194 2573 pro
1212 2518 1271 2554 me·

118 2588 163 2640 dio
186 2588 284 2657 posito.
323 2588 380 2654 14.
406 2589 440 2641 (15
457 2589 540 2642 medii
558 2606 619 2642 usu.
664 2591 721 2656 §h
742 2591 775 2643 de
793 2590 819 2643 vi
836 2588 936 2660 passivi
958 2587 1003 2643 vel
1025 2587 1189 2642 intransitivi
1208 2605 1269 2641 cum

117 2672 204 2726 activo
228 2671 272 2727 vel
293 2674 435 2728 transitivo
460 2676 626 2729 commutati.
672 2677 729 2742 §b
756 2677 790 2729 de
812 2675 990 2729 intransitivis
1013 2674 1154 2728 1151511115
1179 2673 1268 2726 dictis.

119 2760 131 2825 §
151 2761 247 2811 7-13
261 2783 293 2804 =
306 2777 332 2829 p.
354 2761 475 2813 32-56.
496 2761 529 2815 (15
550 2760 685 2814 efficiente
704 2779 754 2831 pro
773 2761 870 2815 effecto
888 2761 986 2832 posito.

174 2865 245 2927 129.
270 2870 440 2937 Schmidt,
464 2863 502 2928 F.
528 2863 615 2929 Guil.
648 2864 688 2930 de
710 2865 856 2930 ubertate
884 2863 1037 2930 orationis
1060 2862 1268 2948 Sophocleae.

83 2967 119 3030 P.
136 2966 164 3030 Ι.
189 2985 296 3051 progr.
322 2985 432 3050 gymn.
464 2966 616 3052 (Mariae.)
645 2967 844 3051 Magdebnrg
868 2969 961 3031 1855.
994 2971 1037 3030 4⁰.
1070 2970 1111 3030 24
1126 2986 1182 3050 pp.

82 3071 119 3133 P.
136 3069 177 3132 II.
202 3088 310 3153 progr.
336 3089 445 3154 gymn.
470 3068 688 3135 Neu-Shelitz
714 3071 807 3134 1862.
839 3069 1030 3152 (Β51511111.)
1063 3075 1107 3133 4⁰.
1134 3071 1180 3133 35
1190 3088 1245 3152 pp.

184 3170 208 3226 Ι.
245 3189 271 3242 p.
294 3174 379 3225 1-5.
400 3172 577 3243 prooemium.
599 3189 658 3243 cap.
671 3172 693 3225 I.
715 3173 749 3225 de
768 3174 891 3227 ubertate
907 3181 935 3226 et
952 3173 1082 3241 gravitme
1101 3170 1220 3225 notionis
1238 3172 1267 3224 in

116 3255 219 3326 aliquot
235 3257 326 3311 verbis
343 3258 496 3329 conspicua.
533 3275 559 3329 p.
582 3260 671 3312 5-7.
703 3276 761 3328 cap.
776 3258 814 3311 II.
836 3258 869 3312 de
883 3258 1065 3312 redundantia
1081 3258 1110 3311 in
1128 3255 1267 3312 vocabulis

117 3343 273 3414 compositis
291 3361 347 3396 non
369 3344 459 3419 inani..
490 3361 548 3415 cap.
567 3343 622 3400 111.
651 3344 684 3397 (15
708 3342 847 3397 vocabulis
865 3352 973 3414 praeter
994 3343 1185 3398 necessitatem
1203 3360 1265 3396 san-

116 3429 218 3483 tentiae
250 3429 369 3484 adiectis.
407 3448 434 3501 p.
463 3431 567 3483 9-17.
596 3447 653 3501 cap.
681 3428 730 3482 IV.
760 3429 794 3482 de
832 3429 1080 3485 circumlocutionis
1110 3428 1264 3500 generibus.

118 3531 146 3584 p.
171 3517 293 3567 11-14.
755 3518 759 3525 ·

173 3603 244 3665 130.
270 3609 409 3676 schola,
433 3601 481 3668 de
503 3601 670 3668 deorum
692 3602 780 3688 apud
794 3602 894 3688 Soph.
919 3602 1131 3688 epithetis.
1157 3604 1266 3686 Progr.

83 3694 193 3788 gymn.
221 3703 413 3770 Guetersloh
438 3707 531 3770 1861.
558 3710 603 3770 4⁰.
633 3710 670 3769 12
685 3727 740 3791 pp.

173 3808 244 3871 131.
276 3817 461 3883 sohnbert‚
495 3808 687 3875 Fn‘dericus.
723 3809 851 3891 beitrag
883 3827 922 3872 zu
951 3807 1040 3872 einer
1068 3827 1271 3873 zusammen-

83 3907 258 3975 fassenden
273 3910 475 3994 darstellung
496 3910 554 3976 der
576 3911 1082 4002 eigonthuemlichkaiten
1105 3910 1176 3977 der
1198 3910 1270 3975 So-

82 4012 390 4095 phokleisohen
420 4013 591 4080 diction.
633 4014 744 4098 Progr.
769 4033 918 4100 gymnas.
942 4015 1028 4097 Prag
1054 4013 1266 4098 l-Neustadt.)

88 4116 250 4180 11151.
280 4119 386 4202 ropp.

188 4217 201 4284 1
222 4220 244 4273 l.
266 4221 291 4272 2.
316 4219 350 4273 (15
374 4218 499 4274 oratoriis
522 4219 643 4274 artificiis
666 4226 694 4272 et
715 4217 910 4273 locutionibus.
953 4221 965 4288 ξ
990 4222 1015 4274 3.
1034 4223 1059 4274 4.
1087 4219 1267 4290 hyperbaton.

118 4304 175 4370 15.
197 4303 338 4359 antitheta.
375 4307 432 4373 16.
455 4305 607 4376 parechesis
628 4313 657 4359 51
679 4305 877 4376 paronomasia.
914 4306 970 4373 §h
995 4306 1133 4376 anaphora
1157 4312 1269 4359 515115-

136 4389 257 4440 651115,
271 4390 339 4432 Index
352 4391 441 4441 triplex.
1050 4394 1066 4444 2
